2959 4659
289 572 403 625 LXXVI
599 571 768 626 EDITORIS
789 570 994 625 PRAEFATIO

290 741 345 800 bus
368 744 424 799 aut
445 740 541 799 tribus
565 740 716 800 codicibus
739 739 841 799 electis
864 740 1048 815 reliquorum
1070 740 1192 800 turbam
1209 743 1306 821 negle-

290 832 407 903 xissem,
421 831 597 905 praesertim
612 849 678 889 cum
692 830 815 888 minime
830 847 932 889 omncs
943 828 1022 889 Stati
1036 830 1152 891 codices
1164 833 1234 890 noti
1245 831 1305 889 sint.

358 918 409 979 sed
432 921 608 996 priusquam
627 919 808 978 Thebaidem
832 918 942 978 multos
961 919 1119 997 vigilatam
1142 939 1197 994 per
1216 939 1305 979 annos

290 1010 322 1067 in
340 1008 495 1084 publicum
513 1009 692 1082 emittimus,
711 1010 826 1086 gratias
845 1026 934 1085 agere
952 1008 1038 1067 decet
1056 1011 1098 1068 eis
1122 1009 1237 1083 quibus
1262 1010 1304 1067 ad·

288 1097 438 1157 iutoribus
455 1097 601 1173 quolibet
626 1097 714 1155 modo
741 1100 774 1155 in
800 1115 835 1156 ea
863 1097 976 1157 edenda
1001 1116 1072 1156 usus
1096 1116 1170 1157 sum.
1218 1102 1304 1174 atque

290 1187 428 1262 inprimis
447 1190 481 1245 ut
499 1188 673 1246 collationes
692 1186 828 1246 codicum
846 1187 910 1261 ipsc
929 1186 1111 1262 conficerem,
1130 1187 1249 1245 facbrm
1269 1192 1305 1247 est

289 1276 401 1352 insigni
424 1276 607 1335 liberalitate
629 1277 849 1351 praefectorum
872 1276 1120 1335 bibliothecarum
1144 1275 1303 1351 Lipsiensis

289 1365 657 1425 Mediam-Laurentum
670 1365 856 1424 Monacensis
866 1363 1028 1441 Parisinus,
1042 1366 1095 1441 qui
1109 1365 1227 1425 codices
1237 1366 1303 1424 mihi

290 1456 435 1513 miserimt
462 1456 510 1513 vel
534 1453 614 1529 apud
644 1473 675 1514 se
700 1457 735 1512 ut
760 1454 925 1513 conferrem
950 1456 1157 1530 permiserunt.
1203 1455 1303 1513 deinde
1337 1464 1338 1521 l

291 1542 411 1603 Ottonis
429 1543 549 1601 Mullcri
572 1543 636 1602 filia
654 1543 829 1604 collationes
849 1547 880 1602 et
898 1543 935 1601 ab
954 1546 1021 1619 ipso
1038 1546 1125 1619 patre
1145 1543 1227 1602 etin
1249 1547 1302 1603 eius

290 1650 377 1692 usum
396 1631 433 1692 ab
453 1633 521 1692 aliis
534 1634 608 1693 viris
627 1631 721 1692 doctis
741 1632 890 1692 confectas
908 1633 983 1691 mihi
1001 1632 1162 1691 tradendas
1181 1636 1302 1706 curavit,

290 1741 327 1780 ne
345 1724 440 1798 patris
459 1722 580 1800 egregia
598 1721 634 1781 de
653 1720 753 1781 Statio
771 1722 878 1781 merita
897 1722 1034 1781 laterent.
1072 1722 1104 1779 in
1123 1723 1301 1800 corrigendis

291 1814 393 1869 autem
410 1811 543 1887 plagulis
562 1812 651 1870 amici
670 1811 797 1870 Ioannes
811 1810 921 1870 Lamcr
935 1811 1098 1887 Lipsiensis
1118 1813 1149 1870 et
1163 1809 1301 1889 Georgius

290 1899 420 1959 Lebnert
439 1898 586 1960 Gissensis
604 1900 699 1959 otium
719 1920 805 1959 suum
824 1901 969 1959 collocare
987 1920 1047 1959 non
1061 1900 1219 1978 dedignati
1232 1904 1300 1960 sunt

357 2027 464 2101 scripsi
482 2025 677 2103 argentorati
694 2044 796 2084 mense
814 2025 954 2084 Ianuario
976 2027 1069 2085 1908.

975 2160 1132 2228 Allrcdns
1152 2160 1263 2229 Klotz.
