2959 4659
295 572 362 636 334
660 573 692 628 P.
709 574 838 657 7777777
851 574 955 627 salu

294 735 351 799 illa
373 739 482 799 tamen
504 757 655 819 praeceps
678 737 712 800 in
735 737 802 800 tela
825 738 958 801 offendit
982 743 1014 801 et
1037 759 1129 801 enses

295 829 520 909 scrutaturque
543 847 640 889 manu
663 825 772 910 galeas
796 830 828 890 et
850 847 953 911 prona
975 826 1110 890 reclinet

294 935 443 999 corpora3
465 936 525 977 nec
547 918 648 997 ponto
672 915 822 979 submota
845 916 980 979 intrarat
1004 938 1143 980 amaram
1261 933 1308 980 377

293 1002 424 1086 Dorida,
447 1025 631 1086 possessum
656 1004 759 1069 donec
782 1005 846 1069 iam
870 1004 1020 1068 fluctibus
1044 1003 1118 1068 altis

292 1091 468 1157 Nereidum
491 1093 642 1156 miserata
666 1094 780 1157 cohors
805 1094 844 1156 ad
865 1097 996 1177 pectora
1018 1095 1132 1157 matris

293 1182 421 1265 inpulit.
466 1181 523 1245 illa
545 1203 643 1246 manu
665 1202 722 1245 ceu
746 1183 855 1246 vivum
879 1182 1025 1265 amplexa
1047 1187 1194 1265 reportat

292 1272 506 1353 insternitque
528 1270 609 1335 toris
632 1271 776 1354 riparum
800 1276 897 1354 atque
919 1271 1029 1335 umida
1052 1273 1150 1336 siccat

293 1360 446 1426 mollibus
470 1382 526 1423 ora
549 1360 658 1443 comis,
681 1364 779 1443 atque
802 1360 880 1425 haec
903 1359 1081 1425 ululatibus
1105 1360 1208 1425 addit:
1261 1378 1304 1426 377

293 1450 368 1514 ‘hoc
390 1449 452 1513 tibi
475 1448 606 1514 semidei
628 1470 746 1513 munus
770 1449 911 1513 tribuere
934 1453 1082 1532 parentes

293 1560 351 1603 nec
375 1539 521 1602 mortalis
545 1538 645 1602 arus?
670 1539 715 1602 sic
737 1542 850 1602 nostro
874 1540 908 1603 in
932 1539 1059 1624 gurgite
1082 1539 1225 1624 regnas?

293 1627 403 1693 mitior
424 1629 504 1692 haec
526 1628 643 1691 misero
667 1625 789 1691 discors
813 1626 980 1709 alienaque
1003 1626 1109 1710 tellus,

293 1718 404 1782 mitior
426 1716 513 1781 unda
535 1717 642 1800 maris,
666 1738 747 1799 quae
771 1716 861 1779 iuxta
884 1716 1016 1780 flumina
1041 1738 1158 1799 corpus

293 1806 420 1870 rettulit
443 1810 475 1869 et
498 1806 647 1869 miseram
670 1805 740 1869 visa
763 1809 946 1888 expectasse
969 1810 1144 1889 parentem.
1261 1822 1302 1869 787

293 1894 369 1959 hine
391 1896 455 1959 mei
478 1893 608 1957 vultus?
631 1894 710 1958 haec
733 1896 819 1959 torvi
842 1894 964 1958 lumina
987 1894 1111 1977 patris?

293 1984 329 2048 hi
352 1985 455 2048 crines
479 1984 630 2048 undantis
654 1983 726 2047 avi?
751 1987 787 2046 tu
810 1982 919 2047 nobile
943 1982 1104 2067 quondum
1343 2000 1344 2065 7

294 2074 452 2137 undarum
476 2094 707 2155 nemorumque
731 2071 838 2155 decue,
861 2094 925 2155 quo
950 2073 1072 2155 sospite
1094 2072 1201 2138 maior

294 2162 367 2226 diva
390 2166 422 2226 et
444 2160 669 2244 Nympharum
692 2161 789 2246 longe
811 2162 923 2246 regina
945 2160 1077 2225 ferebar.
1343 2242 1344 2245 Ἴ

294 2251 357 2316 heu
375 2251 507 2316 ubinam
525 2250 580 2314 ille
598 2251 749 2332 frequens
768 2250 864 2313 modo
884 2252 967 2314 circa
985 2250 1099 2314 limina
1117 2251 1232 2316 matris
1260 2266 1301 2314 377
1339 2246 1344 2315 ⁴]

294 2341 434 2405 ambitus
458 2344 649 2423 orantesque
671 2338 732 2401 tibi
758 2340 876 2402 servire
898 2338 1070 2422 Napaeae?

294 2452 351 2493 cur
373 2451 459 2493 nunc
483 2432 524 2511 te,
546 2428 660 2492 melius
685 2449 779 2491 saevo
803 2450 952 2492 mansura
974 2428 1145 2512 profundo,

294 2517 444 2603 amplexu
467 2518 582 2582 misero
606 2516 750 2600 tumulis,
774 2516 921 2601 Crenaee,
944 2521 1072 2601 reporto
1343 2544 1344 2577 7

294 2630 360 2672 non
383 2607 487 2671 mihi?
509 2628 568 2671 neo
590 2610 698 2670 tantae
721 2606 821 2689 pudet
843 2606 907 2669 heu
929 2608 1122 2688 miseretque
1146 2608 1267 2688 ruinae,

295 2698 373 2762 dure
395 2696 533 2781 parens?
559 2717 639 2778 quae
662 2699 694 2759 te
718 2694 783 2759 alta
807 2698 838 2759 et
862 2694 1076 2760 ineluctabilis
1099 2695 1166 2759 imo
1260 2712 1300 2759 377

366 2931 418 2979 369
436 2884 557 2978 reclinat
571 2924 628 2994 (-li-
641 2941 698 2978 77777
710 2926 779 2978 satis
789 2926 941 2993 perspicue)
954 2924 999 2978 P¹=
1013 2923 1134 2977 reclinat
1147 2940 1213 2979 sscr.
1228 2930 1258 2976 1²¹
1343 2926 1344 2979 l

295 3003 347 3052 370
362 2998 502 3051 summota
514 3002 534 3048 1’
579 2996 699 3048 intrarat
709 3010 833 3050 amaram
843 2997 876 3049 K
876 2998 985 3050 lutatus:
998 2995 1123 3049 intrabat
1133 3011 1259 3049 amaram
1268 3012 1299 3047 or:

294 3104 448 3158 intraverat
458 3108 565 3155 armaP
615 3107 666 3155 371
676 3080 820 3170 possdsum
830 3109 864 3155 r‘:
879 3118 1023 3172 posessum
1033 3120 1071 3168 με
1082 3118 1229 3171 possesum
1240 3121 1258 3157 ν
1343 3104 1344 3143 ³

296 3216 346 3265 878
368 3188 449 3264 bhors
471 3209 495 3261 1¹
577 3210 975 3280 3750n2.1.¹‚udd.1.¹m9.
1040 3211 1125 3276 atque
1148 3214 1217 3264 Pw:
1244 3212 1300 3263 tunc

295 3303 380 3367 atque
398 3299 439 3351 1¹
492 3297 648 3351 ululatibus
668 3317 708 3352 ur:
732 3299 897 3351 -antibusl’
974 3303 1024 3351 377
1044 3292 1100 3351 Ne⁰
1118 3299 1152 3350 ΡΙ
1210 3298 1250 3352 sio
1267 3315 1299 3350 ωε

296 3371 320 3426 si
338 3377 358 3423 1³
430 3374 482 3422 378
500 3386 550 3423 om.
568 3388 595 3423 ω
614 3371 689 3437 (add.
706 3369 792 3438 W),
810 3371 909 3425 babeat
922 3375 1010 3435 Pml3
1028 3369 1119 3440 b¹mp
1135 3370 1200 3423 add.
1216 3369 1301 3423 Mitior

294 3443 373 3497 unde
390 3440 475 3494 muris
495 3441 600 3495 discors
619 3440 781 3509 alternaque
800 3442 884 3495 tellus
939 3446 990 3495 380
1005 3440 1148 3495 Retulit?
1202 3438 1301 3494 Retulit

295 3569 329 3605 ea
346 3548 485 3602 Praetulit
503 3547 536 3602 ν2
599 3547 783 3616 expectaret
856 3553 905 3602 381
930 3524 1039 3616 petride
1058 3547 1091 3599 Ρ1
1165 3553 1216 3601 383
1240 3562 1299 3615 quos

295 3621 407 3690 hospite
420 3620 465 3674 1³¹:
486 3636 541 3687 quo
560 3619 665 3688 sospite
679 3636 712 3673 ec
730 3636 800 3687 quos
817 3619 864 3673 ho·
879 3619 903 3671 f2
967 3624 1018 3672 384
1033 3618 1144 3673 ferebar
1157 3636 1192 3673 ca
1203 3636 1259 3673 -am
1272 3616 1300 3669 1³

358 3698 409 3746 387
424 3691 680 3757 HeuPLsxltrpe:
693 3689 770 3743 Heus
781 3695 824 3760 (eu
832 3689 894 3743 Heu
904 3689 946 3760 ν’)
957 3709 985 3744 ω
1035 3689 1135 3743 limina
1145 3690 1229 3745 calu·
1239 3686 1300 3749 Μ’

348 3800 447 3853 metris
457 3817 498 3852 ur:
509 3796 633 3850 fratris?
688 3802 738 3850 386
750 3804 886 3851 77777770
931 3774 1068 3867 7777877117
1083 3774 1216 3866 ndpseae
1226 3796 1254 3849 θ’

296 3895 347 3943 387
366 3892 564 3941 mensurare)
583 3889 612 3953 (i.
631 3903 701 3954 quae
715 3886 811 3941 77778777
824 3876 1004 3955 mansuem:
1024 3903 1154 3939 mansure
1169 3886 1298 3941 Baehrens

296 3964 324 4032 (i.
345 3962 393 4029 qai
410 3961 506 4014 arelius
523 3959 677 4024 7777777777)
694 3959 810 4023 fortusse
828 3964 896 4012 recte
968 3962 1019 4011 388
1038 3956 1173 4027 77777771Ξ77
1192 3964 1205 4009 7
