2959 4659
289 571 362 637 208
651 572 680 627 Ρ.
700 572 822 627 Parim
840 573 945 627 srrrr

288 733 435 820 Iuppiter
458 741 554 820 atque
577 735 693 820 hospes
717 736 782 800 iam
805 739 884 803 tunc
906 735 1033 802 Aurora
1057 739 1192 804 colebat.

288 823 445 890 Tantalus
468 826 541 890 inde
564 847 689 909 parens,
712 846 779 890 non
802 827 858 910 qui
881 826 1068 891 fallentibus
1092 828 1188 892 undis
1251 844 1299 892 289

289 913 426 980 inminet
449 919 505 979 aut
526 914 658 1000 refugae
682 914 824 979 sterilem
848 916 934 999 rapit
957 937 1029 980 aera
1053 918 1163 1000 silvae,

288 1003 346 1067 sed
368 1004 441 1088 pius
465 1009 497 1069 et
519 1003 629 1090 magni
651 1004 782 1068 vehitur
805 1006 940 1068 conviva
962 1005 1127 1070 Tonantis.
1168 1024 1171 1030 ’

286 1096 381 1178 parte
404 1092 467 1158 alia
490 1094 593 1158 vietor
616 1113 711 1158 curru
734 1092 899 1176 Neptunia
922 1095 1027 1158 tendit

289 1181 359 1246 lora
381 1181 508 1267 Pelops,
531 1186 725 1266 prensatque
748 1186 837 1246 rotas
860 1185 973 1270 auriga
994 1188 1144 1248 natantes

290 1269 441 1353 Myrtilos
465 1274 497 1336 et
519 1271 644 1337 volucri
667 1272 731 1335 iam
756 1273 884 1354 iamque
907 1273 1102 1356 relinquitur
1124 1295 1192 1337 axe.
1256 1289 1303 1338 285

287 1363 323 1422 et
346 1361 452 1446 gravis
476 1359 621 1424 Acrisius
646 1361 832 1443 speciesque
854 1361 1014 1426 horrenda
1037 1359 1175 1426 Coroebi

287 1452 322 1512 et
344 1448 455 1513 Danae
478 1449 607 1532 culpata
630 1450 727 1532 sinus,
752 1454 784 1514 et
807 1451 842 1512 in
864 1472 958 1514 amne
981 1455 1108 1535 reperto

286 1537 393 1602 tristis
415 1536 605 1623 Amymone,
628 1561 793 1622 parvoque
816 1537 972 1604 Alcmena
995 1541 1141 1625 superbit

289 1625 439 1711 Hercule,
462 1629 640 1713 tergemina
663 1627 784 1692 crinem
808 1629 1004 1694 circumdata
1025 1630 1110 1694 luna.
1340 1700 1344 1713 ¹

286 1716 429 1800 iungunt
452 1717 614 1782 discordes
638 1717 770 1782 inimica
792 1718 827 1782 in
848 1718 978 1782 foedera
1001 1720 1130 1783 dextras
1257 1735 1304 1782 299

287 1802 419 1870 Belidae
442 1806 570 1889 fratres3
593 1805 650 1870 sed
672 1807 766 1870 vultu
789 1807 900 1871 mitior
923 1807 1028 1872 adstat

286 1893 466 1979 Aegyptus,
489 1894 594 1958 Danai
615 1896 824 1960 menifestum
848 1896 1042 1981 adgnoscere
1066 1897 1143 1962 ficto

290 2004 345 2048 ore
367 1988 461 2048 notas
485 1984 637 2068 pacisque
660 1984 764 2049 malae
786 1986 957 2068 noctisque
979 1987 1114 2051 futurae.

287 2071 377 2138 mille
401 2072 516 2138 dehinc
540 2074 668 2156 speeies.
715 2073 844 2138 tandem
867 2075 984 2139 satiata
1005 2075 1155 2160 voluptas

289 2165 552 2245 praestantesque
574 2161 662 2226 viros
686 2167 780 2228 vocat
802 2163 842 2226 ad
866 2185 924 2227 sua
946 2165 1087 2248 praemia
1110 2165 1225 2231 virtus.
1257 2182 1302 2229 295

355 2251 479 2334 primus
503 2251 601 2315 sudor
619 2253 719 2335 equis.
762 2251 813 2316 dic
831 2252 962 2337 inclyta,
976 2252 1114 2337 Phoebe,
1136 2258 1301 2340 regentum

285 2341 429 2423 nomina,
453 2341 504 2404 die
527 2340 629 2424 ips0s3
653 2342 866 2424 nequeenim
889 2341 1076 2428 generosior
1098 2365 1253 2427 umquam

286 2428 452 2512 alipedum
475 2428 603 2495 conlata
625 2431 717 2513 acies,
742 2451 800 2494 eeu
823 2435 974 2515 praepete
997 2453 1093 2495 cursu

361 2735 412 2842 2³3
432 2730 562 2799 adquer
616 2729 769 2798 hosspese
841 2735 893 2784 280
912 2731 978 2796 inde
996 2730 1063 2786 inde
1078 2732 1113 2790 0¹
1167 2693 1268 2802 paiens
1281 2733 1302 2785 1¹

341 2814 374 2841 un

329 2855 414 2939 ,Ψ
430 2855 464 2914 91
527 2859 577 2908 281
592 2854 707 2924 refugae
719 2856 818 2979 q-g3ae
833 2860 861 2924 9,
875 2873 944 2911 erae
960 2857 1018 2925 it)
1033 2874 1074 2910 m:
1090 2873 1140 2926 -ga
1154 2858 1195 2940 (ζα
1209 2859 1300 2913 inrue.

285 2927 345 2996 sart
366 2929 422 2994 aa)
445 2933 465 2978 Ρ
535 2925 682 2994 refuga..
703 2943 775 2980 srva
802 2927 944 2983 Baehrens
1033 2933 1085 2982 282
1109 2928 1223 2983 vebrtur
1239 2935 1300 2984 Por:

287 2997 376 3051 veluti
404 3002 425 3057 Q
458 2999 502 3067 (ex
528 2999 586 3052 coll.
615 2998 733 3066 Platori)
843 3004 894 3052 283
923 3015 1003 3053 curro
1031 3017 1057 3052 r:
1091 3016 1204 3054 currum
1233 3005 1254 3060 9

286 3127 342 3176 284
354 3100 510 3192 densaeque
527 3121 560 3181 α’
610 3122 707 3192 auriga
721 3129 741 3174 Ρ
799 3127 851 3176 288
865 3122 994 3192 Myrtilos
1008 3130 1040 3178 P:
1056 3123 1113 3177 -lus
1127 3073 1191 3194 (lius
1206 3125 1262 3194 1⁰)
1276 3145 1300 3180 ω

342 3235 451 3312 arae?
528 3234 578 3283 286
599 3229 769 3302 acrisius?
827 3249 893 3299 -que
912 3247 963 3286 om.
982 3236 1006 3282 lt
1088 3235 1139 3284 287
1160 3208 1249 3285 dana⁸
1270 3232 1301 3285 Β·

342 3313 466 3392 et²¹almne
487 3336 532 3389 L1:
562 3339 590 3390 et
613 3336 714 3390 hamne
739 3342 769 3390 σε
799 3339 828 3390 et
850 3353 931 3394 amne
955 3356 982 3390 r:
1011 3339 1040 3390 et
1062 3337 1147 3391 inane
1166 3344 1190 3391 1:
1219 3343 1300 3408 atque

286 3424 370 3462 amne
384 3413 435 3461 ult
484 3411 631 3476 repertae
685 3412 736 3460 288
751 3407 909 3474 Trhististl
959 3408 1087 3462 alemena
1102 3413 1133 3463 σε
1152 3409 1299 3464 elim0nat

342 3539 394 3588 289
413 3533 636 3604 tergeminamlt
690 3491 861 3597 &jeliu-1⁰
920 3538 971 3586 290
990 3533 1134 3587 foedarer
1191 3539 1243 3588 291
1262 3535 1299 3588 in·

285 3608 346 3661 stat
361 3610 382 3665 9
436 3610 487 3658 292
505 3607 651 3674 Aegyptus
665 3611 697 3658 1’:
713 3605 854 3673 Aegystus
868 3607 919 3675 (eet
929 3604 993 3674 -gi-)
1007 3608 1051 3673 (ex
1064 3607 1121 3673 -pt-
1130 3605 1262 3674 Βῑαδῑν)
1274 3624 1299 3660 ω

342 3693 492 3748 agnoscere
510 3681 542 3731 1²:
572 3676 811 3744 adcognoseereb
888 3681 939 3730 293
959 3678 1041 3729 notas
1063 3681 1096 3730 1’:
1122 3675 1204 3730 nefas
1223 3695 1251 3732 ω

285 3785 624 3868 ssaspaeisquelssiarae.
661 3758 785 3850 pacis‘lue
794 3782 831 3834 1¹:
850 3782 1033 3852 pugnisqueb
1089 3787 1142 3836 294
1155 3748 1252 3839 “hinc
1269 3784 1300 3844 α’

342 3897 394 3946 295
412 3869 492 3958 viros
517 3890 551 3950 c¹
621 3892 704 3942 vocat
726 3905 777 3943 om.
797 3895 817 3940 Ρ
907 3893 957 3941 296
978 3888 1086 3958 inclyta
1104 3894 1136 3944 1²:
1161 3892 1204 3945 ·te
1223 3909 1251 3946 ω

285 3967 435 4035 regentum
454 3980 488 4018 ee
505 3965 545 4016 ·te
560 3961 600 4016 eet
618 3962 688 4013 -tem
703 3960 746 4028 0¹,
765 3976 799 4014 ea
815 3959 896 4013 -dum
910 3960 950 4011 11¹
