2959 4659
493 568 662 624 nunonis
681 568 887 624 PRAEFATIO
1110 568 1200 623 XXIX

238 740 311 799 hinc
330 742 462 815 apparet
474 731 515 812 μ’
532 739 632 799 codice
650 734 737 800 usum
761 758 824 800 esse
842 739 940 799 abieno
959 738 997 798 ab
1016 740 1058 799 eis
1080 741 1113 798 in
1133 740 1197 816 qui-

179 828 231 888 bus
248 829 298 887 illi
315 848 422 888 versus
446 849 507 888 non
530 830 680 907 leguntur.
722 849 790 889 curn
808 848 878 888 vero
904 830 932 903 9,
948 830 1011 889 378
1030 847 1067 887 ne
1093 848 1113 889 a
1136 848 1197 889 cor·

178 921 287 977 rectore
302 918 427 994 quidem
441 920 597 995 suppletus
612 921 661 992 sit,
679 918 862 995 parum'veri
871 918 968 979 simile
979 920 1033 995 est,
1052 918 1084 977 in
1098 918 1197 979 codice

180 1007 265 1067 abeo
284 1008 382 1067 ascito
403 1028 471 1065 eum
490 1010 633 1067 extitisse.
660 1009 739 1067 unde
759 1008 955 1086 seiunguntur
972 1010 1092 1082 praeter
1109 1012 1136 1067 P
1155 1011 1196 1068 et·

180 1097 237 1154 iam
253 1101 328 1156 DN.
367 1097 420 1156 sed
443 1098 512 1156 aliis
535 1098 608 1157 locis
626 1091 667 1170 μ’
690 1097 794 1172 aliqua
817 1099 895 1155 certe
915 1096 1061 1155 affinitate
1080 1116 1148 1155 cum
1166 1102 1198 1157 N

181 1188 368 1244 coniunctum
387 1204 451 1245 esse
470 1186 623 1263 probatur,
641 1186 673 1244 id
693 1186 773 1262 quod
791 1188 894 1261 paucis
913 1185 1099 1245 monstrabo:

242 1277 270 1350 3,
281 1278 321 1334 71
339 1277 543 1349 matribusque
552 1267 693 1357 (sich)
703 1276 735 1333 in
745 1276 896 1335 nonnullis
911 1275 1062 1335 codicibus
1072 1268 1196 1356 (B1Lf)

183 1368 349 1440 corruptum
364 1367 411 1423 est
427 1365 460 1423 in
473 1367 670 1439 omittoque.
700 1365 780 1440 quod
799 1383 865 1423 oum
884 1365 983 1425 versui
997 1383 1057 1424 non
1075 1382 1196 1441 respon·

183 1453 265 1526 deret,
283 1457 392 1512 natum
412 1458 459 1513 est
476 1458 643 1528 amotisque
659 1454 691 1513 in
705 1458 781 1527 ΝΟ,
799 1453 879 1513 idem
897 1446 938 1526 μ’
955 1456 988 1512 in
1005 1472 1111 1513 rasura
1126 1453 1196 1513 scri·

181 1544 244 1616 psit.
270 1544 375 1619 itaque
390 1544 465 1619 quin
478 1545 512 1601 in
524 1567 550 1616 μ
565 1544 603 1603 ab
616 1544 705 1603 initio
720 1547 774 1602 aut
788 1544 989 1617 ominibusque
1004 1543 1101 1603 antid
1115 1543 1195 1619 quod

179 1633 248 1690 mihi
270 1633 392 1709 quidem
410 1632 596 1708 probabilius
615 1637 661 1692 est
678 1634 868 1707 omnibusque
892 1634 1038 1708 extiterit,
1064 1652 1123 1691 non
1151 1636 1196 1693 est

181 1722 305 1781 dubium.

244 1816 269 1884 7,
285 1814 350 1870 764
369 1831 425 1887 pro
440 1814 569 1871 dertare
583 1812 709 1887 simplex
722 1811 845 1870 verbum
860 1803 901 1882 μ1
914 1812 1074 1888 scripserat
1087 1812 1195 1871 lacuna

180 1900 277 1959 relicta
295 1901 335 1959 ad
349 1919 470 1960 versum
484 1920 623 1960 mancum
637 1900 859 1977 complendum:
877 1903 939 1959 iam
952 1900 1134 1977 interposuit
1146 1892 1195 1972 μ’,

179 1991 236 2048 ium
251 1993 345 2050 vitare
364 1993 462 2051 exstat
480 1990 511 2048 in
529 1996 569 2051 Ν.

243 2081 304 2154 8,5
324 2098 380 2156 pro
403 2085 487 2139 artus
510 2099 582 2139 voce
600 2082 675 2139 atris
697 2072 738 2152 μ’
756 2078 926 2154 substituit,
947 2098 1022 2153 quac
1042 2082 1087 2137 est
1105 2078 1194 2137 lectio

184 2167 310 2227 codicum
328 2163 417 2237 QIN.
632 2170 635 2175 ’

245 2259 320 2333 quod
333 2260 366 2317 in
381 2258 481 2317 codice
490 2282 516 2331 μ
531 2258 711 2337 legumus,
723 2258 899 2317 auu-233
915 2260 983 2333 post
999 2258 1027 2332 6,
1039 2258 1113 2331 204,
1128 2276 1194 2316 cum

185 2364 239 2403 nno
256 2352 398 2422 quantum
416 2347 478 2407 scio
491 2352 524 2406 Κ
541 2366 701 2408 consensus
718 2349 772 2407 est.
801 2346 853 2407 sed
871 2347 1026 2423 proprium
1044 2346 1154 2406 codicis
1167 2370 1193 2419 μ

186 2440 327 2509 peccatum
345 2440 393 2497 est
412 2438 440 2511 6,
458 2439 521 2495 744
531 2456 573 2513 sq.
611 2458 682 2496 nam
702 2438 730 2511 6,
748 2438 877 2496 744-7
882 2439 899 2494 7
905 2439 921 2495 7
942 2437 1042 2495 locum
1060 2439 1193 2495 mutave-

187 2528 257 2583 runt
278 2545 328 2585 suo
343 2527 422 2585 enim
436 2526 502 2587 loco
517 2526 731 2599 desiderantur,
747 2525 797 2585 sed
813 2528 986 2601 comparent
999 2528 1068 2601 post
1084 2526 1113 2599 6,
1129 2526 1191 2583 794

188 2615 215 2669 in
228 2617 360 2675 continuo
374 2619 475 2675 textus
490 2616 601 2674 ordine.
625 2616 772 2675 recentior
787 2614 908 2691 quidem
923 2618 1071 2674 corrector
1089 2612 1192 2675 addito

188 2702 263 2780 signo
284 2706 349 2763 ciet
371 2704 411 2782 ad
431 2707 460 2780 6,
477 2706 539 2763 743
565 2708 595 2763 06
618 2706 657 2763 ad
676 2706 706 2779 6,
722 2706 786 2763 794
810 2724 870 2781 quo
889 2703 1104 2779 transponendi
1132 2703 1193 2763 sint

189 2810 286 2867 uersus,
303 2798 396 2853 notat.
423 2796 527 2869 itaque
545 2796 673 2871 triginta
693 2795 837 2869 quattuor
855 2811 957 2853 versus
976 2792 1108 2852 versibus
1127 2812 1191 2869 sep-

189 2880 318 2941 tendecim
341 2884 520 2943 intermissis
543 2883 692 2960 leguntur.
728 2882 807 2941 unde
830 2882 1024 2941 manifestum
1042 2884 1100 2956 est,
1120 2881 1192 2941 olim

192 2969 217 3026 in
232 2971 302 3031 libro
316 2975 400 3033 cuius
414 2972 542 3049 singulis
555 2974 676 3049 paginis
689 2990 792 3031 versus
807 2974 923 3047 septeni
937 2972 1006 3029 deni
1020 2973 1190 3046 extiterunt,

191 3078 268 3119 unum
285 3063 386 3121 folium
402 3062 590 3121 transiluisse
608 3061 773 3134 librarium,
792 3062 844 3119 sed
863 3063 1023 3137 postquam
1041 3062 1190 3136 sequentis

191 3152 287 3209 rectam
303 3152 445 3229 paginam
464 3151 599 3224 coniecit,
618 3153 739 3227 cognito
754 3168 851 3209 errore
866 3150 1006 3208 damnum
1026 3151 1188 3209 resarsisse.

191 3236 237 3295 hoc
251 3259 305 3299 non
322 3243 434 3317 inipso
450 3241 560 3299 codicis
575 3240 736 3315 exemplari
751 3240 863 3298 factum
877 3258 940 3297 esse
958 3238 1027 3297 inde
1046 3238 1189 3298 concludo

193 3327 256 3399 quod
275 3331 300 3389 is
322 3331 373 3405 qui
395 3330 507 3388 librum
529 3352 556 3401 μ
578 3331 727 3403 exaravit,
749 3330 814 3403 ipse
838 3347 967 3387 errorem
991 3348 1050 3387 non
1069 3327 1189 3387 videtur

193 3418 335 3491 agnouisse.
367 3419 483 3479 accedit
501 3418 581 3493 quod
601 3421 756 3493 septenum
775 3418 883 3477 denum
901 3435 1040 3477 versuum
1057 3419 1187 3495 paginae

192 3504 223 3561 ad
239 3509 451 3584 antiquissimos
469 3508 598 3566 maxime
613 3507 727 3567 codices
741 3508 929 3566 conueniunt.
952 3506 1054 3583 itaque
1068 3506 1187 3583 longius

192 3612 301 3655 errorem
317 3598 512 3673 repetendum
531 3616 593 3656 esse
611 3597 644 3655 in
661 3598 822 3673 propatulo
841 3596 893 3655 est.

247 3686 483 3747 inbionaeensi
498 3688 616 3746 altero
629 3687 755 3745 19481
769 3677 854 3767 (olim
866 3685 1078 3763 'tegernseensi
1090 3686 1185 3759 1491,
1204 3706 1225 3743 ν

192 3772 264 3833 nobis
275 3767 306 3855 ν)
328 3775 408 3836 foliis
429 3778 493 3836 140
510 3776 604 3835 aaut
616 3778 739 3849 emate
756 3766 884 3855 smmis!
897 3774 1032 3833 naemu
1051 3766 1184 3855 espace!

193 3858 252 3921 lsbri
266 3862 332 3922 XII
352 3866 526 3939 Thebaydos
553 3866 701 3941 leguntur.
744 3866 813 3939 post
840 3864 972 3941 singulos
995 3882 1066 3922 vero
1093 3861 1185 3921 libros

194 3950 275 4010 solum
287 3953 374 4013 Statii
390 3972 498 4014 nomen
511 3956 677 4014 invenitur:
694 3952 789 4013 Sturii
803 3953 970 4011 Thebaidos
985 3943 1087 4032 lib(er)
1103 3951 1126 4009 Ι
1141 3969 1186 4009 aa·
