2959 4659
514 1220 549 1285 Ρ.
572 1220 723 1285 ΡΑΡΙΝΙ
747 1220 872 1286 srarl

469 1366 922 1449 THEBAIDOS

598 1540 793 1607 urrann.

255 1810 375 1876 Obruit
396 1810 555 1895 Hesperia
576 1809 744 1875 Phoebum
767 1833 833 1875 nox
856 1811 965 1876 umida
987 1815 1090 1897 perta,

183 1900 334 1985 imperiis
356 1904 530 1985 properata
551 1898 652 1986 Iovis3
675 1922 734 1965 nec
758 1904 862 1965 castra
885 1899 1057 1986 Pelasgum

184 1994 245 2055 aut
269 1989 383 2074 Tyrias
406 1988 577 2054 miseratus
601 2011 688 2074 opes,
711 1990 767 2054 sed
790 1990 893 2073 triste,
916 1993 967 2053 tot
990 1993 1080 2054 extra

184 2080 320 2166 agmina
343 2083 375 2142 et
397 2078 563 2143 inmeritas
586 2079 671 2143 ferro
695 2080 876 2144 decrescere
900 2083 1018 2164 gentes.

184 2168 343 2255 panditur
365 2167 511 2232 inmenso
535 2167 686 2233 deformis
710 2170 866 2254 sanguine
890 2190 1035 2254 campus:
1188 2185 1204 2232 s

185 2258 257 2323 ilh'e
281 2279 369 2321 arma
392 2261 424 2321 et
447 2278 556 2340 equos,
579 2257 670 2322 ibant
693 2257 810 2341 quibus
835 2261 909 2324 ante
933 2258 1072 2342 superbi,

185 2350 367 2430 funeraque
390 2346 469 2411 orba
491 2345 580 2432 rogis
603 2349 814 2432 neglectaque
838 2348 982 2412 membra
1004 2347 1174 2413 relincunt.

186 2442 269 2501 tunc
292 2436 452 2500 inhonora
475 2435 589 2500 cohors
612 2436 728 2501 laceris
751 2435 932 2522 insignibus
956 2458 1067 2523 aegras

187 2528 363 2591 secernunt
386 2526 480 2608 acies,
502 2529 687 2610 portaeque,
710 2526 896 2590 ineuntibus
921 2548 1008 2590 arma

187 2617 348 2700 angustae
370 2614 509 2698 populis,
531 2616 615 2678 latae
638 2636 750 2698 cepere
772 2636 925 2679 reversos.
1174 2630 1207 2678 10

186 2726 249 2790 par
273 2703 434 2787 utrimque
459 2704 563 2788 dolor3
587 2704 643 2767 sed
665 2705 744 2769 daut
767 2706 885 2769 solacia
909 2703 1028 2769 Thebis

188 2796 346 2877 quattuor
368 2796 511 2858 errantes
534 2793 682 2858 Danaum
705 2795 774 2857 sine
797 2793 941 2878 praeside
964 2797 1101 2857 turmae:

189 2904 251 2948 ceu
274 2904 362 2946 mare
384 2904 442 2966 per
464 2881 626 2947 tumidum
649 2882 764 2947 viduae
787 2883 1029 2948 moderantibus
1052 2882 1127 2966 alni,

192 2994 276 3056 quas
300 2971 377 3035 deus
401 2976 433 3036 et
456 2992 547 3035 casus
571 2975 843 3056 tempestatesque
867 2971 1056 3058 gubernant.

188 3061 267 3126 inde
291 3063 416 3125 animus
440 3060 545 3145 Tyriis
568 3082 634 3124 non
657 3060 721 3125 iam
746 3083 804 3124 sua
826 3064 939 3144 castra,
963 3061 1018 3125 sed
1041 3062 1126 3125 ultro
1174 3079 1206 3125 15

188 3150 345 3215 hostilem
368 3171 492 3214 servare
515 3150 635 3235 fugam,
659 3172 699 3213 ne
722 3150 806 3215 forte
829 3150 982 3233 Mycenas

266 3312 338 3372 10,2
357 3310 509 3376 properata
535 3324 569 3362 aa
591 3308 742 3376 proderata
764 3308 797 3360 1²¹
820 3307 852 3377 (P
866 3331 900 3355 ω
914 3306 950 3377 D)
1027 3313 1042 3360 3
1062 3306 1209 3361 miseratus
1256 3374 1257 3377 Ἴ

191 3421 215 3432 ..
232 3378 283 3431 sed
302 3384 367 3433 Par:
395 3378 555 3432 miserantis
628 3381 657 3433 et
682 3379 839 3435 Garrodius
861 3380 997 3434 iactatiter
1078 3384 1094 3431 4
1119 3380 1148 3431 et
1165 3378 1209 3431 in-

190 3450 309 3505 meritas
327 3468 368 3505 ra:
396 3451 433 3521 ‘Z
454 3450 511 3503 iam
534 3450 650 3504 meritas
669 3452 731 3520 (et)
750 3457 782 3505 1³:
810 3451 867 3504 iam
890 3450 1037 3505 inmeritas
1056 3451 1208 3505 Baehrens:

189 3544 252 3594 tam
267 3537 422 3593 immeritas
439 3540 603 3607 Garrodiua,
621 3542 656 3607 cf.
673 3544 745 3606 7,23
800 3545 815 3592 6
836 3524 853 3573 's
855 3542 891 3593 'et
905 3556 991 3608 equos
1007 3523 1111 3593 ‘s'arma
1132 3539 1157 3591 1¹

192 3654 208 3701 7
227 3645 395 3715 necletaque
413 3651 446 3699 P:
465 3623 651 3717 necle⁰gtaque
667 3647 692 3699 Ρ
746 3646 943 3716 relinquunt?
1016 3651 1031 3699 9
1051 3660 1130 3699 arma
1143 3651 1209 3699 Par:

192 3721 260 3773 ante
288 3720 320 3772 ia
346 3735 401 3773 ras.
429 3718 455 3770 1¹
536 3724 569 3771 10
593 3718 669 3772 latae
694 3723 815 3786 Lam
835 3720 989 3773 Bentleius:
1018 3716 1076 3771 late
1104 3723 1157 3770 Ρω

194 3832 228 3880 14
248 3790 323 3892 Quis
344 3825 377 3884 αἱ
451 3831 483 3879 15
502 3842 553 3880 om.
572 3825 613 3893 11¹,
633 3826 698 3879 add.
718 3826 813 3896 vray.
868 3802 976 3892 animata
992 3824 1026 3884 αἱ
1079 3840 1135 3877 uon
1154 3822 1211 3877 iam

190 3903 260 3952 Per:
287 3897 347 3951 iam
364 3914 421 3951 nen
440 3898 581 3952 Baehrens
634 3896 708 3951 ultro
727 3903 793 3950 Per:
822 3897 897 3950 ultra
917 3898 1047 3953 Martius
1125 3901 1157 3948 16
1177 3913 1211 3948 ne

192 3986 227 4025 cx
245 3967 277 4021 ni
295 3966 506 4031 B⁸u21⁶b¹c¹z
525 3968 556 4024 ni
574 3986 594 4025 v
