2959 4659
474 525 644 580 EDITORIS
662 524 869 581 PRAEFATIO
1080 527 1180 583 LXVII

184 692 259 747 1³⁰1».
295 692 338 751 his
354 693 440 771 igitur
453 695 526 753 locis
546 713 614 754 cum
627 697 667 753 1³⁰
686 697 853 754 consentiat
866 698 911 754 ita
925 715 991 756 cum
1007 721 1043 770 ω,
1063 700 1099 755 ut
1112 716 1179 755 con·

184 778 290 838 iectura
311 782 368 841 eius
388 784 474 842 lectio
496 787 616 859 reperta
641 802 704 843 csse
729 788 871 859 nequeat,
899 788 938 843 Pu
964 786 1065 861 aliquo
1091 786 1179 845 modo

187 867 220 924 ab
238 892 264 925 ω
281 872 398 945 pondere
420 874 616 950 cognoscitur.
656 873 770 931 aceedit
795 874 874 949 quod
892 876 932 933 1²⁰
955 874 1068 933 scholia
1086 876 1181 951 novit,

187 976 255 1030 quae
273 978 290 1015 a
306 960 405 1019 codicis
422 962 536 1021 Iuliani
553 961 646 1038 stirpe
665 962 764 1023 aliena
783 967 861 1021 sunt.
897 963 954 1022 hoc
973 964 1043 1022 ticet
1063 964 1180 1023 conclu·

188 1044 248 1103 dere
265 1066 297 1105 ex
312 1052 339 1122 6,
353 1054 368 1109 7
381 1050 608 1124 pulvereumque
622 1052 689 1123 fero
702 1054 812 1110 crinem
826 1054 943 1111 detersit
956 1054 1042 1126 olivo,
1056 1053 1109 1111 ubi
1122 1056 1180 1127 fer-

188 1152 258 1193 ocem
275 1155 356 1213 supra
374 1158 472 1199 vocem
489 1141 557 1212 sero
576 1140 733 1199 adnotavit
750 1142 807 1217 1³⁰.
831 1142 1019 1200 accusativus
1039 1160 1090 1201 cur
1109 1144 1179 1203 scri-

189 1228 250 1298 ptus
270 1226 317 1301 sit,
338 1233 456 1303 apparet
484 1249 519 1286 cx
538 1239 569 1287 Σ
583 1247 742 1301 possessus
769 1234 795 1289 et
821 1231 916 1301 ferora
933 1248 992 1303 pro
1018 1233 1112 1304 feroci
1134 1234 1179 1291 55-

190 1312 306 1385 tettcpere.

248 1404 292 1461 scd
307 1401 383 1464 baud
398 1426 466 1465 raro
486 1407 578 1466 etiam
596 1409 696 1467 textus
710 1402 748 1466 Ρ1
770 1428 837 1465 cum
852 1432 879 1466 ω
900 1410 1047 1485 congruit,
1066 1410 1105 1468 Ρ0
1122 1428 1180 1468 ser-

189 1493 263 1548 ravit
274 1495 420 1570 genuinam
434 1498 593 1555 lectionem
609 1500 663 1555 aut
676 1488 715 1555 P¹
730 1516 820 1572 supra
835 1498 962 1572 scripsit,
979 1497 1057 1573 quod
1076 1498 1148 1573 quin
1164 1518 1179 1557 e

187 1614 275 1674 codice
282 1618 383 1678 Iuliani
393 1624 523 1696 petitum
535 1622 583 1695 sit,
595 1623 701 1696 nequit
712 1621 852 1679 dubitari.
869 1622 904 1681 cf.
921 1626 948 1696 1,
958 1624 998 1681 55
1009 1593 1179 1697 Piliatr’l:

185 1702 279 1764 Prisci
290 1731 315 1765 ω
332 1729 385 1785 quo
402 1711 468 1771 loco
488 1729 670 1787 quamquam
690 1710 818 1769 editores
837 1730 938 1769 omnes
951 1712 1056 1784 puisat
1072 1712 1178 1787 proba-

186 1799 292 1870 verunt,
312 1802 405 1857 tamen
427 1801 485 1859 hoc
507 1799 632 1858 verbum
655 1800 693 1857 ad
717 1819 818 1859 vocem
841 1800 935 1859 sobam
954 1833 991 1841 —
1013 1821 1119 1877 nempe
1143 1800 1179 1860 da

186 1883 255 1940 oculi
271 1886 327 1945 solo
344 1890 546 1965 accipiendum
560 1921 605 1929 —
619 1889 741 1948 minime
760 1889 896 1964 quadrat.
928 1891 1020 1949 immo
1038 1892 1094 1949 hac
1107 1909 1179 1949 voca

186 1990 323 2047 perperam
347 1977 381 2035 de
403 1982 484 2037 terra
510 1983 633 2054 accepta
657 1980 762 2051 pateat
793 1978 911 2101 videtur
936 1979 1081 2054 scriptum
1108 1998 1179 2053 csse,

899 2074 910 2101 a

186 2132 245 2172 cum
264 2118 361 2179 tortior
381 2121 464 2180 notio
489 2120 715 2179 desideraretur.
756 2125 783 2194 1,
800 2122 864 2180 234
887 2123 1040 2181 demeritos
1063 2123 1115 2180 P⁰z
1134 2124 1179 2180 io-

186 2208 290 2265 mcritae
301 2231 326 2265 ω
344 2229 400 2285 quo
419 2211 486 2269 loco
505 2210 580 2268 item
598 2210 741 2269 dissentio
761 2228 779 2267 a
798 2212 903 2269 ceteris
923 2210 1094 2285 editoribus,
1115 2210 1178 2287 qui-

187 2291 234 2350 bus
245 2295 321 2355 lectio
335 2321 361 2356 ω
374 2300 497 2375 placuit.
533 2303 561 2373 1,
578 2301 641 2357 264
654 2302 774 2373 sumant
786 2293 839 2357 P¹:
857 2302 954 2373 fumat
968 2324 1004 2359 oo.
1036 2300 1085 2359 hic
1099 2304 1179 2359 recte

187 2380 280 2442 Miller
294 2388 434 2461 pluralem
452 2390 576 2463 recepit,
595 2407 654 2464 quo
673 2389 788 2447 Statius
807 2389 852 2447 uti
871 2390 948 2448 solet
966 2389 1081 2448 duobus
1101 2388 1178 2448 noti·

188 2470 277 2532 onibus
296 2476 414 2537 subiecti
438 2476 638 2554 sequentibus.
678 2480 707 2551 4,
727 2480 790 2537 655
815 2480 913 2538 icario
936 2472 1091 2555 wP¹mg.:
1114 2480 1177 2537 ovi-

187 2560 243 2627 [θνα
257 2558 298 2623 1³¹.
341 2568 458 2639 uvifero
481 2585 665 2643 quamquam
688 2567 720 2624 in
744 2568 843 2625 codice
866 2567 977 2626 Iuliani
1000 2567 1091 2626 tuisse
1115 2566 1178 2626 veri

187 2649 269 2710 simile
285 2659 331 2728 est,
349 2660 448 2715 tamen
468 2655 528 2714 nisi
542 2657 609 2732 quis
628 2675 716 2715 caeca
731 2656 758 2713 ei
773 2675 805 2715 se
820 2657 1018 2716 admiratione
1038 2656 1191 2732 adplicat,

187 2738 252 2797 banc
267 2742 412 2804 lectionem
430 2744 559 2821 probare
582 2746 694 2821 nequit.
734 2747 763 2819 5,
779 2746 844 2805 230
866 2748 972 2819 caperit
993 2739 1033 2805 1³¹
1043 2766 1115 2822 mg:
1134 2746 1178 2804 ic·

188 2861 330 2928 555515,
375 2874 425 2945 12,
442 2872 506 2930 378
526 2840 609 2943 rapidi
627 2863 680 2929 Pl:
698 2872 775 2945 repis
794 2893 830 2929 ω.
878 2862 936 2944 quo
954 2871 1019 2930 loco
1040 2888 1106 2928 cum
1126 2871 1177 2928 eli-

188 2955 295 3028 gendum
311 2961 348 3019 sit
369 2960 466 3019 altera
485 2978 521 3017 en
539 2958 716 3018 lectionibus
734 2961 816 3033 regio
840 2962 870 3017 et
887 2961 964 3033 repis
981 2992 1026 3001 —
1044 2979 1113 3018 nam
1133 2979 1178 3019 er-

188 3045 250 3103 roris
262 3048 377 3123 suspicio
392 3049 478 3108 abest
487 3081 540 3123 -,
551 3068 605 3125 ego
619 3051 701 3123 regio
716 3068 783 3107 cum
798 3048 866 3106 aliis
880 3048 1023 3108 decausis
1037 3049 1177 3124 praetuli,

188 3133 241 3190 tum
260 3138 328 3211 quod
350 3138 472 3198 elisione
496 3140 530 3195 in
551 3137 609 3197 fine
628 3156 730 3197 versus
753 3138 835 3197 facta
855 3136 969 3197 Statius
989 3138 1177 3197 enuntiatum

189 3225 329 3284 continuari
346 3231 399 3286 aut
418 3227 597 3302 interrumpi
619 3227 752 3286 indicare
772 3227 855 3286 solet.
891 3227 923 3286 id
943 3227 1021 3303 quod
1039 3227 1094 3286 hoo
1112 3227 1177 3287 loco

191 3314 348 3385 aptissimum
366 3320 419 3375 est.
447 3317 679 3392 interrumpitur
692 3318 772 3375 enim
791 3334 886 3375 sermo
901 3314 1013 3395 Argiae
1032 3316 1176 3375 exclama-

190 3402 257 3459 tione
273 3406 294 3462 c'
308 3407 391 3465 criti!
413 3425 487 3464 oron
505 3408 571 3479 orcis
590 3406 691 3465 adest?
713 3407 715 3412 '
738 3406 863 3479 12,588
887 3410 965 3465 octat
987 3398 1073 3464 le:
1092 3407 1179 3479 fopot

191 3484 277 3570 P¹mg
306 3497 351 3570 12,
362 3498 425 3555 709
445 3498 677 3555 roccarossa
689 3500 728 3554 P:
749 3498 780 3553 ot
797 3498 897 3555 contro
911 3516 948 3553 ω.
982 3514 1041 3571 quo
1061 3494 1176 3553 deloco

191 3577 340 3642 Kohlmanni
354 3586 534 3644 sententiam
549 3602 665 3660 sequor,
684 3585 737 3661 qui
750 3586 860 3643 intereo
878 3586 909 3641 in
925 3586 1041 3642 tentum
1055 3585 1176 3660 recepit.

192 3666 216 3789 ip
227 3675 369 3793 ssemplm
383 3677 485 3732 autem
501 3673 610 3734 codicis
625 3679 651 3733 P
669 3673 774 3749 procul
789 3671 880 3731 dubio
894 3674 968 3731 haec
982 3674 1043 3730 tuit
1061 3674 1176 3749 imago:

265 3767 287 3795 a

193 3812 285 3873 arceo
322 3818 383 3875 iam
405 3836 568 3876 varocum
591 3817 690 3893 glossa
717 3815 766 3874 vel
789 3816 874 3875 varia
897 3816 986 3873 lectio
1016 3833 1082 3873 cum
1110 3815 1176 3891 ipso

193 3907 270 3961 textus
282 3905 416 3965 vocabulo
435 3906 468 3964 in
481 3904 715 3964 transcribendis
730 3903 881 3963 codicibus
894 3904 974 3963 haud
988 3921 1057 3961 raro
1076 3904 1174 3963 locum

981 4002 1014 4054 e*
