2959 4659
286 600 349 665 146
644 598 675 655 Ρ.
694 598 819 653 PAPINI
838 599 943 654 STATI

284 768 362 829 tune
385 785 444 851 ege
468 768 500 828 et
523 767 634 847 optata
656 764 791 828 vetitam
812 765 1032 830 transmittere
1055 764 1177 830 Lethen

283 852 963 1029 {tesserarumque
982 876 1139 1007 {tte-³?

284 1032 470 1097 muneribus
493 1031 678 1116 tinguitque
701 1051 809 1116 genas,
832 1030 906 1095 dein
929 1031 1008 1096 talia
1031 1031 1149 1096 reddit:
1250 1049 1303 1096 626
1351 1031 1352 1042 ’

284 1122 353 1185 ‘eur
375 1121 436 1185 tibi
458 1120 600 1185 versanti
623 1140 742 1201 manes,
765 1140 925 1203 aequaeve
948 1121 1106 1205 sacerdes,

282 1211 385 1275 lectus
410 1231 469 1294 ego
494 1209 630 1295 augurio
654 1208 819 1292 tantisque
841 1210 1029 1295 potissimus
1052 1211 1187 1295 umbris,

284 1300 340 1384 qui
362 1303 499 1365 ventum
513 1297 656 1382 loquar?
680 1299 758 1362 satis
782 1301 830 1362 est
853 1299 1038 1364 meminisse
1062 1302 1214 1383 priorum.

283 1392 435 1453 nostrane
457 1386 623 1472 praeclari,
646 1387 774 1471 pudeat,
798 1386 946 1452 consulta
967 1392 1101 1473 nepotes

282 1476 439 1562 possitis?
462 1476 563 1559 illum,
587 1476 679 1541 illum
703 1475 801 1540 saeris
825 1476 974 1542 adhibete
997 1477 1141 1561 nefastis,
1251 1494 1305 1542 636

284 1567 339 1650 qui
363 1567 448 1631 laeto
472 1565 557 1630 fodit
579 1587 654 1629 ense
677 1569 811 1650 patrem,
835 1566 890 1649 qui
915 1571 1016 1631 semet
1037 1566 1073 1631 in
1096 1571 1187 1632 ortus

282 1657 380 1720 vertit
402 1660 435 1720 et
457 1655 607 1741 indignae
630 1655 750 1739 regerit
774 1676 831 1718 sua
852 1656 991 1739 pignora
1013 1657 1118 1720 matri.

283 1750 315 1809 et
337 1766 422 1809 nune
444 1744 499 1809 ifle
522 1744 599 1807 dees
622 1742 857 1827 Furiarumque
881 1748 951 1808 atra
974 1744 1092 1830 fatigat

283 1834 419 1899 eoncilia
443 1837 475 1897 et
497 1836 625 1897 nostres
649 1836 743 1918 rogat
765 1832 844 1897 haee
867 1832 900 1895 in
923 1834 1048 1917 proelia
1070 1856 1190 1899 manes.

283 1923 398 2007 quodsi
422 1923 501 1986 adeo
524 1922 631 2005 placui
655 1921 800 1986 deflenda
823 1922 858 1986 in
880 1926 1028 2006 tempora
1049 1927 1150 2007 vates,
1252 1941 1305 1989 666

283 2014 386 2077 dicam
410 2010 571 2095 equidem,
595 2032 658 2095 quo
683 2032 734 2075 me
757 2009 921 2095 Lachesis,
947 2033 1011 2095 que
1035 2016 1129 2077 torva
1151 2012 1306 2100 Megaera

282 2123 384 2185 usque
408 2100 530 2166 sinunt:
554 2099 684 2185 bellum,
707 2100 876 2164 innumero
900 2101 989 2165 venit
1012 2100 1156 2185 undique
1179 2102 1303 2169 bellum

282 2190 419 2277 agmins,
441 2189 665 2272 Lernaeosque
689 2188 791 2253 trahit
813 2189 922 2253 fatalis
946 2191 1093 2254 alumnos

283 2277 439 2344 Gradivus
464 2277 616 2362 stimulis,
640 2278 700 2343 hes
723 2283 827 2343 terrae
850 2282 995 2343 monstra
1018 2279 1180 2364 deumque

282 2369 347 2433 tela
370 2373 501 2431 manent
523 2366 715 2451 pulchrique
739 2367 847 2432 obitus
868 2372 901 2431 et
920 2368 960 2432 ah
980 2368 1054 2454 igne
1073 2391 1229 2453 supremo
1254 2387 1305 2436 646

282 2460 390 2523 sontes
414 2458 485 2542 lege
508 2478 624 2521 merae.
672 2460 760 2521 certa
783 2461 831 2521 est
854 2458 990 2521 victoria
1013 2456 1142 2542 Thebis,

282 2570 323 2611 ne
345 2546 481 2629 trepide,
503 2566 563 2610 nee
585 2568 686 2631 regna
707 2546 799 2610 ferox
822 2567 994 2631 germanus
1017 2545 1160 2630 habehit,

283 2638 338 2702 sed
361 2635 476 2700 Furiae
500 2636 726 2720 geminumque
749 2635 849 2717 nefas,
872 2635 1069 2719 miserosque
1092 2658 1151 2719 per
1173 2639 1270 2722 ensis,

354 2907 405 2955 622
425 2916 477 2971 ego
496 2900 525 2953 et
544 2899 694 2968 (respondet
717 2900 833 2954 626666
852 2902 880 2953 et
898 2917 922 2953 v.
939 2903 1003 2967 624)
1016 2888 1083 2954 Pan:
1104 2916 1157 2971 ege
1178 2905 1207 2956 te
1227 2921 1256 2961 5:
1276 2908 1306 2957 et

283 2980 363 3045 egoc
399 2972 660 3039 letheP(ef.1,334)
707 2975 758 3023 623
769 2970 998 3039 platidumqueQ
1043 2971 1252 3027 6246616166

283 3050 334 3099 626
349 3043 504 3097 Funeribus
519 3048 536 3095 (t
576 3040 719 3125 tinguit?
767 3042 852 3097 dehin
868 3049 883 3095 Β
899 3044 948 3110 (66
963 3041 1107 3112 dehinc?):
1130 3044 1197 3098 dein
1211 3048 1241 3114 (i.
1257 3046 1304 3101 de-

281 3169 388 3235 inde)v
438 3173 488 3221 627
503 3116 710 3235 poteithiiv¹
764 3171 816 3220 628
825 3167 925 3237 loquar
934 3185 973 3221 m:
991 3173 1065 3221 -011’
1110 3170 1302 3251 meminisev:

240 3292 437 3347 'miminisse
455 3296 484 3346 Α
554 3297 605 3346 629
619 3292 748 3363 ρτθοξατί
763 3291 794 3361 (l)
808 3271 989 3360 Bupraecari
1004 3296 1032 3346 A
1102 3299 1155 3347 630
1169 3244 1302 3349 illdihmfl:

283 3400 394 3453 oillum
412 3404 436 3451 n
499 3398 633 3453 adhibete
652 3416 686 3454 66
703 3399 766 3452 ath·
786 3398 820 3456 61
883 3377 987 3454 nefa⁸tis
1007 3398 1038 3453 θ’
1127 3405 1179 3453 631
1208 3408 1304 3455 enzer

336 3471 434 3524 hortus
461 3473 538 3523 Mb
639 3476 691 3524 634
717 3470 766 3524 hie
793 3488 810 3529 ς
842 3472 975 3537 1666666
1054 3470 1206 3540 improelia
1232 3478 1248 3526 b

283 3549 334 3597 636
353 3541 449 3612 placui
468 3560 508 3596 w:
527 3541 643 3610 plaeute
662 3542 713 3612 (vel
730 3542 801 3608 -ni0)
814 3547 843 3607 Ρ,
863 3543 935 3611 qued
957 3544 1176 3598 contaminatum
1195 3545 1301 3599 videtm

283 3668 316 3705 66
333 3649 427 3719 placui
446 3656 471 3704 et
488 3648 595 3718 placeo,
615 3651 672 3703 nisi
689 3650 759 3717 forte
777 3647 883 3716 placito
897 3650 1070 3703 scribendum
1126 3617 1248 3706 dertusa
1260 3652 1299 3703 1¹

707 3733 722 3759 v

335 3775 463 3841 tempora
485 3790 519 3828 66
541 3789 583 3827 -re
606 3773 641 3825 1³¹
702 3773 783 3843 {ates
803 3772 838 3832 e²
919 3779 970 3827 636
990 3791 1044 3842 quo
1064 3773 1128 3829 aad.
1148 3775 1214 3833 b's.
1230 3777 1246 3830 l.

283 3849 453 3913 maegaral’
525 3849 577 3897 633
596 3844 664 3897 trait
677 3847 767 3897 Mb:
787 3845 878 3913 agitat
891 3846 1091 3900 Lachmannue
1165 3853 1217 3902 640
1236 3866 1297 3917 snp-

282 3932 379 3985 premo
397 3918 452 3968 BA
525 3920 575 3968 642
595 3913 654 3969 Nee
673 3920 724 3983 ιμ
797 3921 848 3968 643
867 3915 960 3971 furiae
978 3922 1032 3971 Pu»
1051 3920 1095 3986 (se.
1116 3936 1205 3989 6966
1222 3920 1295 3974 aaa·

283 3985 932 4054 6666663666361166Κ6661666,Μ6166
985 3990 1130 4043 miserest
1184 3996 1295 4045 enseal’

977 4209 1082 4261 A
