2959 4659
290 588 353 655 176
649 586 678 641 Ρ.
698 585 821 641 PAPINI
840 584 945 642 STATI

287 773 373 817 nunc
396 750 484 817 caelo
508 750 644 815 Tritona
665 750 780 814 ferens.
825 771 884 814 nec
907 750 1024 816 robora
1046 756 1184 835 prosunt

287 841 465 906 semideum
488 839 632 922 heroum,
656 861 862 924 puppemque
885 839 997 903 insana
1020 840 1164 924 flagellat

287 930 385 995 arbor
407 933 439 994 et
461 927 606 993 instabili
629 927 844 1012 procumbens
867 928 1008 1012 pondere
1032 950 1145 994 curvas

286 1023 396 1105 raptat
418 1040 526 1102 aquas,
548 1017 693 1101 remique
717 1016 836 1081 cadunt
859 1018 892 1081 in
915 1021 1028 1102 pectus
1052 1018 1171 1082 inanes.
1254 1036 1313 1083 373

288 1131 348 1175 nos
372 1128 500 1193 quoque
523 1129 581 1191 per
602 1127 698 1190 mpes
721 1127 952 1190 murorumque
975 1128 1093 1193 aggere
1115 1108 1156 1172 ab
1181 1110 1284 1190 omni,

287 1199 365 1262 dum
388 1197 480 1262 labor
503 1195 558 1260 ille
581 1196 659 1259 viris
683 1195 830 1279 fretaque
853 1195 1065 1282 indignantur
1087 1201 1119 1261 et
1142 1200 1283 1279 austros,

287 1288 425 1372 desuper
448 1284 597 1350 invalidis
621 1283 782 1349 fluitantia
804 1283 869 1349 tela
891 1284 1020 1350 lacertis
1047 1322 1093 1333 -

289 1376 368 1461 quid
390 1396 456 1440 non
480 1396 559 1438 ausa
581 1374 716 1437 manus?
740 1411 785 1421 —
808 1372 983 1438 Telamona
1006 1377 1038 1437 et
1061 1373 1158 1438 Pelea
1182 1380 1301 1441 contra

288 1464 479 1551 spargimus,
503 1466 535 1527 et
558 1467 668 1527 nostro
691 1463 815 1546 petitur
837 1462 1027 1546 Tirynthius
1051 1485 1136 1529 arcu.
1258 1481 1315 1529 380

290 1554 339 1621 illi
364 1591 405 1599 -
429 1553 549 1637 quippe
573 1551 669 1615 simul
692 1550 779 1616 bello
802 1550 982 1637 pelagoque
1005 1550 1156 1617 laborant
1180 1590 1223 1599 —

288 1665 363 1727 pars
387 1642 498 1727 clipeis
521 1642 647 1705 munire
671 1644 782 1724 ratem,
805 1663 880 1724 pars
904 1662 1043 1725 aequora
1065 1642 1167 1706 fundo

287 1753 430 1819 egerero;
453 1734 502 1795 ast
526 1729 582 1794 alii
605 1733 761 1815 pugnant,
784 1730 840 1794 sed
862 1730 979 1795 inertia
1001 1733 1093 1794 motu

287 1842 433 1906 corpora,
457 1840 692 1903 suspensaeque
716 1823 826 1884 carent
848 1820 1016 1884 conamine
1039 1819 1133 1885 vires.

289 1911 448 1989 instamus
471 1909 558 1973 iactu
582 1908 729 1990 telorum,
753 1912 785 1973 et
808 1908 910 1972 ferrea
933 1907 1052 1973 nimbis
1260 1926 1311 1975 385
1347 1953 1348 1958 1

289 2004 392 2064 certat
414 1998 549 2082 hiemps,
571 2002 746 2080 vastaeque
769 1997 864 2061 sudes
886 1996 1045 2080 fractique
1067 2000 1209 2063 molares

289 2088 478 2173 spiculaque
501 2090 533 2151 et
557 2086 658 2151 multa
682 2086 834 2150 crinitum
857 2086 979 2151 missile
1002 2086 1132 2151 flamma
1347 2143 1348 2178 ,

290 2200 377 2243 nunc
395 2178 519 2262 pelago,
542 2196 628 2241 nunc
651 2198 760 2260 puppe
783 2175 910 2259 cadunt,
933 2175 988 2240 dat
1011 2180 1124 2259 operta
1147 2176 1312 2263 fragorem

288 2266 451 2421 tilliret
465 2265 830 2419 ttttfittttffltt
848 2264 1001 2418 lilii
1016 2265 1169 2418 wilfi*
1263 2372 1313 2421 at

290 2377 463 2528 Iuppiteii)
474 2443 624 2508 obruitur
646 2443 768 2527 campis
792 2464 893 2527 genus
917 2376 1186 2525 omneafgrmmm,

366 2661 418 2710 386
437 2657 525 2710 Prisc.
541 2653 586 2708 Gt
601 2653 627 2708 Π
642 2660 704 2721 161,
719 2659 752 2708 18
775 2653 890 2708 molaris
909 2669 927 2707 a
945 2652 1020 2706 mola
1039 2653 1200 2708 derivatum
1219 2659 1314 2725 potest

291 2744 352 2782 esse
376 2742 535 2793 commune,
563 2742 628 2780 oum
651 2726 823 2780 adiectivum
846 2727 901 2791 ast,
926 2724 974 2779 sed
999 2725 1066 2793 quia
1088 2724 1258 2795 plerumque
1276 2726 1312 2781 ad

289 2800 406 2854 dentem
429 2797 474 2851 vel
495 2797 621 2867 lapidem
643 2796 777 2862 refertur,
800 2814 868 2850 usus
892 2796 1023 2865 frequens
1046 2796 1238 2851 masculinum
1261 2798 1312 2851 hoc

290 2870 405 2940 profert.
443 2869 551 2923 Statius
569 2869 599 2922 in
618 2869 644 2922 V
662 2867 835 2922 Thebaidos:
853 2870 1005 2935 vastaeque
1022 2866 1180 2921 ..molares

293 2992 506 2999 -—--..—--—-.--.-

364 3071 415 3119 373
435 3065 501 3119 Nun
520 3084 534 3117 r
606 3070 657 3119 373
676 3080 855 3133 puppemque
875 3082 915 3118 oi:
937 3062 1111 3133 puppimque
1131 3067 1175 3131 (ex
1189 3080 1260 3119 -em-
1270 3064 1311 3132 0¹)

291 3141 524 3259 nobiliiffque
538 3188 583 3242 1⁰
652 3194 704 3242 374
718 3188 866 3260 ἱηεῂαὴὶξίί
880 3188 910 3259 (l)
925 3195 953 3242 Π
1001 3164 1145 3259 pibtorer
1159 3192 1183 3258 (e
1196 3206 1222 3243 o.
1236 3192 1310 3258 375):

292 3261 460 3331 apondere
478 3261 572 3331 1³¹mp.
665 3265 716 3313 3⁷5
740 3261 920 3329 impectusb
993 3261 1119 3315 inanes
1211 3266 1264 3315 377
1285 3264 1311 3315 at

290 3336 402 3441 ausitidis
420 3384 477 3440 1⁰:
498 3386 533 3439 ab
548 3385 652 3439 austris
667 3388 711 3454 (ex
724 3404 748 3440 o.
763 3389 828 3455 376)
847 3385 936 3440 r¹bv¹
1017 3389 1068 3438 378
1088 3384 1129 3437 -la
1147 3384 1263 3439 lacertis
1281 3385 1313 3440 ν’

292 3460 324 3512 io
345 3475 401 3513 ras.
493 3462 544 3510 379
568 3474 618 3511 om.
645 3457 686 3522 ν’,
711 3457 776 3511 odd.
800 3456 833 3511 ν’
847 3474 899 3527 mp.
929 3458 1114 3527 (aberraverat
1142 3457 1311 3512 librarioru

226 3526 237 3541 ‘
290 3528 350 3583 tela
365 3530 402 3584 ad
415 3528 568 3597 telamone)
641 3534 699 3641 38131
712 3528 885 3597 tiryntiusl’
959 3533 1010 3582 382
1029 3528 1098 3581 Pras
1114 3571 1119 3580 .
1133 3569 1138 3580 .
1153 3534 1261 3596 prael.

291 3631 359 3725 pige
378 3656 449 3724 (a)b
532 3657 583 3706 383
603 3655 825 3723 astaippugnant
845 3654 879 3712 αἱ
960 3652 1046 3707 illic
1119 3655 1198 3706 moto
1218 3657 1252 3707 s:
1267 3671 1311 3737 pq

293 3762 373 3814 motu
396 3759 430 3812 L¹
511 3764 562 3813 386
586 3762 737 3830 νξεῖαθᾳιιθ
757 3763 834 3830 (a)B
896 3736 1016 3827 milanos
1039 3759 1064 3811 1¹
1147 3764 1198 3812 387
1222 3748 1310 3813 misffir

293 3832 353 3886 W
439 3835 490 3884 388
514 3847 654 3901 regonem
682 3832 713 3885 to
745 3848 800 3887 rae.
825 3830 856 3883 t²
879 3832 979 3901 (fuisse
1002 3831 1109 3886 videtur
1133 3831 1261 3900 lamma)

291 3906 345 4025 dii)
358 3901 523 4026 ppiupsctpp
543 3906 594 3955 Br:
619 3920 635 3955 a
654 3902 762 3955 cunctis
786 3904 881 3970 (prius
900 3920 914 3957 c
933 3905 965 3956 irs
983 3904 1048 3971 roe.)
1068 3902 1100 3954 b¹
1179 3908 1230 3957 380
1249 3903 1311 3957 viri-
