2959 4659
293 481 382 535 XXIV
600 480 769 537 EDITORIS
789 478 994 535 PRAEFATIO

259 655 277 710 1
359 650 468 709 codex
482 650 706 710 Monacensis
723 644 1136 733 6396(interFrisingenses
1148 653 1220 728 196,
1230 652 1305 710 unde

292 740 477 819 significatur
490 742 594 798 littera
603 732 637 820 1)
656 740 737 799 foliis
757 743 877 799 centum
895 739 1022 818 triginta
1037 758 1087 799 sex
1098 759 1240 800 versuum
1254 742 1304 799 tri·
1354 772 1355 805 l

292 848 398 888 cenum
407 832 533 904 tamum,
546 830 599 904 qui
610 848 751 888 numerus
760 829 814 887 sub
827 828 917 887 finem
930 830 968 888 ad
977 829 1106 889 tricenos
1116 849 1246 889 novenos
1256 848 1305 888 au-

291 922 387 997 getur,
398 919 515 978 saeculo
523 918 565 975 XI
575 920 702 993 scriptus
709 918 890 977 Thebaidem
898 920 1031 977 continet
1041 918 1136 978 solam
1147 938 1214 977 cum
1224 920 1305 979 scho-

291 1008 348 1082 liis,
357 1008 402 1066 ita
410 1011 510 1066 tamen
518 1010 553 1065 ut
562 1008 659 1067 exitus
666 1007 736 1066 libri
747 1007 914 1066 duodecimi
923 1007 1038 1067 eversu
1049 1009 1111 1067 657
1123 1008 1306 1068 desideretur

292 1116 327 1156 ec
340 1117 378 1155 ne
392 1096 571 1173 subscriptio
587 1097 707 1172 quidem
721 1097 1120 1172 inveniaturpost12,656.
1143 1099 1196 1173 qui
1205 1116 1305 1157 versus

292 1206 358 1245 eum
381 1186 505 1244 ultimus
530 1189 610 1245 extet
633 1186 665 1243 in
687 1185 745 1245 fine
768 1188 897 1263 paginae
916 1186 1048 1262 ultimae,
1072 1206 1131 1261 qua
1150 1188 1305 1262 quaternio

291 1276 436 1351 septimus
450 1275 580 1334 decimus
594 1275 711 1349 finitur,
730 1276 793 1334 veri
808 1277 887 1334 certe
903 1274 998 1334 simile
1014 1278 1059 1334 est
1076 1276 1176 1351 ipsum
1196 1276 1305 1335 Frisiu-

291 1383 413 1443 gensem
432 1364 504 1422 olim
522 1364 663 1422 damnum
682 1364 797 1424 tulisse.
826 1367 965 1423 exaratus
986 1367 1031 1424 eat
1049 1364 1088 1423 ab
1101 1384 1161 1423 uno
1174 1364 1305 1438 librario,

291 1453 349 1512 nisi
368 1453 447 1528 quod
465 1452 534 1512 inde
553 1472 571 1510 a
590 1453 687 1511 medio
702 1472 789 1512 versu
805 1456 834 1527 2,
850 1455 913 1512 678
933 1472 1026 1529 usque
1046 1452 1084 1511 ad
1104 1455 1210 1529 3,115
1233 1456 1306 1513 alter

292 1545 355 1601 eius
365 1542 443 1601 vices
459 1542 560 1617 subiit,
575 1542 626 1601 sed
640 1544 824 1618 post3,115
839 1544 923 1618 prior
936 1561 1042 1601 munus
1057 1542 1153 1602 danne
1168 1546 1303 1619 suscepit.
1354 1553 1355 1572 ¹

290 1632 463 1709 indigenam
482 1635 584 1690 autem
608 1650 671 1691 esse
690 1631 820 1691 codicem
840 1634 926 1707 patet
945 1632 1053 1691 litteris
1072 1635 1091 1707 s
1105 1635 1135 1690 et
1152 1651 1170 1690 e
1189 1651 1303 1709 permu-

290 1723 372 1795 tatis,
397 1720 514 1796 quade
539 1723 757 1798 permutatione
781 1722 868 1779 mode
892 1719 1029 1795 diximus,
1053 1722 1088 1779 cf.
1113 1740 1136 1779 e.
1153 1741 1179 1800 g.
1198 1724 1249 1796 12,
1268 1723 1303 1781 16

290 1811 406 1885 faloam
425 1810 460 1869 ex
477 1811 597 1868 ecloum
615 1804 656 1885 1¹,
674 1810 813 1869 similiter
830 1813 858 1881 9,
875 1811 892 1867 7
897 1812 937 1869 27
957 1813 1046 1869 calca
1063 1829 1118 1887 pro
1133 1830 1167 1869 ee
1182 1811 1263 1887 quod
1276 1813 1304 1869 in

289 1898 413 1974 reliquis
436 1902 519 1958 extat
542 1900 627 1973 fulva
650 1902 794 1974 scriptum
818 1901 872 1958 est.
906 1898 942 1958 cf.
963 1900 1053 1958 etiam
1073 1902 1305 1974 scripturaram

290 2008 344 2065 pro
364 2005 430 2047 cose
449 1991 478 2064 4,
494 1990 566 2047 631.

356 2096 463 2135 nemen
482 2081 597 2153 poetae,
616 2097 684 2136 cum
704 2078 840 2154 plerique
858 2076 928 2136 libri
942 2077 1158 2153 subscriptione
1178 2081 1304 2150 careant,

289 2169 409 2243 praeter
427 2167 547 2225 secundi
569 2167 690 2226 initium
709 2170 740 2226 et
758 2167 847 2226 finem
867 2170 897 2226 et
914 2168 990 2227 sexti
1011 2166 1099 2226 finem
1118 2186 1177 2226 non
1196 2168 1305 2245 legitur

290 2274 325 2314 ae
346 2276 383 2314 ne
402 2256 449 2314 his
468 2256 588 2332 quidem
606 2257 692 2332 plene
711 2256 855 2331 scriptum
875 2257 933 2315 est:
954 2252 956 2254 '

437 2362 465 2421 S.
480 2363 513 2421 P.
530 2362 558 2421 S.
578 2363 699 2422 LIBER
718 2362 928 2422 SECUNDUS
947 2362 1098 2447 INCIPIT

437 2469 466 2528 s
481 2451 929 2529 renisu-sussum-mis‘
935 2451 1160 2529 11111111

436 2558 526 2618 111.
547 2559 575 2619 s.
591 2559 623 2619 P.
639 2558 667 2617 s.
688 2556 919 2618 indemnes

289 2686 365 2743 quae
383 2668 505 2725 nomina
524 2685 591 2725 cum
609 2666 640 2724 in
659 2666 822 2740 exemplari
839 2666 976 2742 pleniora
994 2667 1127 2726 extitisse
1146 2666 1304 2725 verisimile

290 2758 338 2830 sit,
354 2756 471 2815 Sursuli
486 2775 648 2832 cognomen
663 2760 771 2831 poetae
785 2774 845 2814 non
859 2775 877 2813 a
891 2755 1014 2814 librario
1029 2759 1047 2814 1
1058 2759 1103 2815 est
1116 2755 1303 2815 attributum.

231 2877 234 2881 >
357 2848 536 2905 correctores
556 2845 722 2920 complures
741 2846 848 2902 nactus
867 2848 912 2904 est
927 2845 1025 2905 codex.
1054 2844 1105 2905 sed
1124 2864 1190 2903 cum
1209 2846 1302 2921 plera·

289 2954 347 3012 que
356 2937 421 3011 ipse
433 2933 573 2993 librarius
587 2934 747 3012 diligenter
756 2934 982 3007 emendavisset,
994 2952 1090 3011 pauca
1102 2934 1207 2994 relicta
1222 2937 1305 2993 erant

289 3024 448 3083 correctori
462 3016 503 3098 1²,
518 3026 571 3099 qui
585 3024 697 3083 scholia
712 3022 829 3082 videtur
844 3024 1001 3083 addidisse.
1026 3026 1174 3082 corrector
1188 3043 1257 3083 vero
1273 3027 1291 3082 1
1294 3015 1304 3053 ²
1350 3019 1351 3027 ’

289 3114 497 3173 adhibueritne
517 3115 637 3189 praeter
656 3113 807 3188 exemplar
821 3113 913 3171 alium
929 3112 1068 3186 codicem,
1087 3133 1146 3173 non
1166 3113 1303 3171 diiudico.

289 3205 393 3263 contra
411 3203 558 3262 recentior
583 3202 704 3278 quidam
723 3203 871 3261 corrector
889 3204 921 3261 f¹
938 3203 1034 3260 multa
1054 3202 1189 3278 correxit,
1208 3203 1302 3278 plera·

214 3363 216 3366 ,
289 3311 347 3368 que
365 3294 466 3350 tamen
485 3292 524 3349 ad
543 3311 631 3351 suum
650 3290 808 3349 arbitrium
826 3292 1006 3350 immutavit.

356 3382 487 3440 codicem
500 3384 659 3456 postquam
674 3379 811 3439 aLenzie
822 3381 965 3440 collatum
975 3379 1122 3449 Queckius
1137 3372 1302 3459 1111111111)

289 3474 319 3529 et
337 3470 385 3529 hic
408 3470 471 3528 illie
490 3470 637 3529 liebertus
658 3470 759 3549 Unger
783 3470 910 3530 adscivit
932 3471 964 3529 in
989 3469 1192 3530 Coniectaneis
1212 3470 1303 3529 Stati-

196 3585 200 3587 ·
289 3552 396 3641 onis2),
414 3561 447 3618 in
466 3578 516 3617 sex
535 3558 684 3634 prioribus
707 3558 793 3618 libris
817 3578 850 3618 eo
870 3578 942 3619 usus
962 3562 1006 3619 est
1026 3557 1097 3619 Otto
1116 3559 1233 3634 Mi'rller,
1252 3558 1303 3618 sed

181 3696 186 3701 .
288 3649 455 3709 contulerat
474 3651 579 3708 totum.
617 3667 694 3724 quae
713 3648 834 3709 collatio
853 3649 927 3707 mihi
945 3652 1064 3726 praesto
1085 3652 1137 3708 est.
1170 3649 1222 3709 sed
1239 3650 1303 3724 ipse

360 3803 387 3943 di
405 3800 575 3941 i'dllispiiniiI
569 3871 653 3926 Statu
663 3871 762 3942 ecloga
772 3872 873 3926 ultima
888 3872 930 3927 ed.
941 3874 973 3927 s.
985 3872 1081 3943 Unger
1091 3878 1160 3928 1868
1170 3892 1196 3943 p.
1207 3877 1302 3940 lttsq.
