2959 4659
491 565 660 620 ubucula
678 564 885 621 PRAEFATIO
1091 567 1199 628 XXVII

186 735 288 796 codicis
297 737 400 795 denno
408 736 578 811 inspiceret.
606 736 664 811 qui
673 735 772 795 officio
783 754 899 793 summa
909 754 976 794 cum
990 736 1199 796 benevolentia

186 827 299 885 functus
317 846 367 883 mo
387 826 422 883 de
443 823 818 900 Τ1111).1,389-2,242
838 825 1060 884 accuratissime
1080 826 1199 885 edocuit

187 934 317 974 necnon
341 914 382 973 de·
402 913 526 988 damnis,
550 932 627 988 quae
650 913 743 972 codex
766 914 922 973 contraxit.
960 915 1153 991 quamobrem
1172 915 1199 974 ei

186 1004 294 1081 gratias
303 1004 402 1063 habeo
415 1002 568 1062 maximas.
587 1002 666 1061 unde
676 1004 811 1081 cognovi,
822 1022 1006 1079 quamquam
1015 1024 1075 1063 non
1085 1023 1200 1063 summa

186 1113 235 1152 nec
255 1094 303 1152 uti
328 1095 396 1168 quis
423 1111 554 1167 aequum
577 1094 725 1151 censuerit
752 1092 909 1169 diligentia
932 1092 1139 1152 Kohlmannus
1162 1094 1199 1153 de

186 1183 280 1241 codice
298 1182 427 1256 1111111111,
450 1184 553 1239 tamen
570 1182 602 1239 in
621 1182 794 1241 unirersum
812 1183 841 1240 11
854 1182 942 1241 fidem
961 1182 1136 1241 habendam.
1165 1203 1198 1241 ex

186 1273 340 1348 utriusque
358 1270 418 1330 viri
441 1270 521 1329 docti
545 1270 743 1346 descriptione
765 1272 840 1331 haec
858 1273 890 1329 111
903 1282 1008 1330 'meum
1027 1291 1114 1331 usum
1134 1292 1199 1331 con·

187 1365 278 1420 verto:
297 1360 430 1436 scriptus
449 1362 495 1419 est
513 1378 531 1417 a
549 1360 687 1435 pluribus
705 1359 836 1419 librariis
855 1361 975 1419 saeculo
992 1361 1036 1421 XI
1055 1362 1200 1421 continet·

191 1471 241 1526 que
258 1449 341 1510 foliis
360 1450 526 1509 numeratis
544 1451 605 1508 162
626 1482 668 1489 -
683 1450 736 1509 scd
750 1467 847 1509 errore
866 1469 1008 1509 numerus
1028 1454 1070 1510 20
1084 1451 1199 1510 duobus

189 1540 261 1598 foliis
274 1538 503 1614 insequentibus
516 1538 684 1615 adscriptus
699 1541 802 1597 est-
817 1538 999 1598 Thebaidem
1014 1544 1044 1598 et
1058 1540 1197 1599 Achillei-

189 1628 257 1703 dcm,
272 1647 352 1705 qnae
367 1628 437 1687 inde
452 1648 471 1687 a
483 1628 558 1686 folio
575 1629 637 1686 145
654 1629 767 1685 exitum
780 1628 848 1686 libri
865 1629 1002 1705 complet.
1029 1630 1142 1689 scholia
1161 1629 1199 1687 ad

190 1718 365 1777 Thebaidem
380 1719 499 1776 exstant
512 1716 670 1793 uberrima,
685 1716 723 1775 ad
733 1716 930 1775 Achilleidcm
939 1718 1030 1777 nulla.
1049 1720 1126 1777 hanc
1142 1738 1199 1778 non

190 1828 220 1865 ex
229 1807 331 1867 eodem
342 1806 427 1865 fonte
437 1824 574 1864 manasse
586 1805 740 1881 probabile
751 1809 804 1865 est.
824 1825 877 1865 neo
887 1808 966 1866 enim
976 1810 1007 1865 in
1017 1831 1046 1866 ω
1055 1808 1199 1868 Achilleis

190 1916 325 1972 umquam
335 1896 456 1955 videtur
464 1895 558 1954 fuisse
566 1894 725 1954 coniuncta
736 1914 804 1953 cum
814 1896 972 1954 Thebaide.
991 1915 1141 1973 quaecum
1155 1900 1199 1955 ita

191 1987 367 2059 sintvanam
378 2004 461 2061 spem
475 1985 567 2042 fuisse
582 1984 688 2057 elucet,
702 1983 738 2042 de
749 1984 924 2045 AchilleidIs
934 1986 1097 2045 traditione
1109 2005 1199 2061 quae-

191 2076 311 2133 stionem
332 2094 395 2133 una
418 2093 487 2133 cum
506 2073 655 2133 Thebaide
678 2092 765 2149 posse
788 2075 909 2133 absolvi.
947 2074 1037 2133 immo
1061 2076 1134 2134 haec
1152 2094 1199 2134 res

193 2163 224 2221 111
235 2166 350 2242 integro
365 2164 486 2223 videtur
498 2163 665 2238 tractanda,
680 2163 731 2222 sed
744 2163 781 2221 ab
795 2164 852 2222 hac
867 2162 1019 2223 occasione
1034 2164 1132 2223 aliena
1145 2168 1198 2225 est.

252 2255 406 2329 perienmt
433 2252 544 2312 codicis
569 2252 664 2328 ipsius
688 2252 846 2327 quaternio
870 2252 999 2328 primus
1028 2272 1087 2329 quo
1114 2258 1200 2312 erant

195 2344 291 2418 scripti
313 2342 405 2402 Theb.
423 2345 450 2417 1,
468 2342 620 2418 1-388,
644 2341 712 2400 dein
731 2342 853 2418 septimi
872 2343 1075 2416 quaternionis
1094 2343 1199 2402 folium

197 2431 325 2491 ultimum
342 2433 363 2491 i.
378 2435 408 2507 4,
424 2433 489 2491 840
505 2423 720 2513 (833)-850
735 2422 831 2512 (843)
851 2450 917 2490 cum
936 2434 1111 2509 argumento
1130 2432 1200 2489 libri

197 2520 293 2595 quinti,
305 2524 369 2579 tum
381 2523 442 2581 toti
451 2525 577 2597 quartus
587 2522 718 2580 decimus
728 2523 759 2580 et
769 2522 892 2597 quintus
902 2520 1032 2579 decimus
1047 2523 1198 2596 quaterni-

198 2626 260 2668 ones
271 2612 512 2688 insequentisque
523 2610 598 2670 folia
610 2613 755 2687 quattuor
767 2610 786 2669 i.
800 2611 829 2686 8,
842 2612 981 2686 127-9,
992 2612 1056 2669 230
1071 2610 1199 2685 deniquo

197 2701 272 2758 totus
289 2702 445 2778 quaternio
464 2700 610 2776 septimus
629 2700 761 2759 decimus
780 2699 798 2757 i.
820 2701 849 2775 9,
864 2700 1058 2759 454-903.
1096 2702 1201 2759 contra

198 2786 295 2848 lacuna
312 2790 383 2849 Ach.
405 2794 433 2866 1,
449 2790 625 2849 529-660
644 2789 735 2848 altius
755 2788 897 2863 ascendit,
916 2790 1027 2864 quippe
1047 2808 1124 2865 quae
1139 2786 1200 2848 Gu-

199 2875 279 2936 diano
296 2880 457 2938 communis
475 2880 516 2937 sit
534 2898 599 2939 cum
615 2884 653 2946 Q.
682 2878 730 2937 hic
748 2878 812 2937 illic
831 2880 966 2953 picturae
982 2877 1142 2937 admodum
1155 2879 1199 2936 in-

201 2968 278 3040 eptae
298 2968 416 3028 additae
439 2972 517 3027 sunt.
558 2968 684 3047 singulis
708 2970 808 3026 autem
833 2967 952 3046 paginis
975 2986 1078 3027 versus
1102 2968 1199 3027 viceni

202 3058 289 3115 octoni
308 3059 355 3116 111
378 3058 486 3117 noveni
510 3058 625 3116 exarati
648 3061 728 3116 sunt.
764 3058 842 3116 unde
865 3076 934 3116 vero
958 3057 1034 3117 liber
1055 3058 1089 3115 in
1108 3055 1200 3116 Gudii

202 3161 294 3204 manns
307 3146 481 3223 pervenerit,
500 3146 637 3225 indagari
651 3148 764 3222 nequit.
793 3166 871 3205 nuno
890 3166 956 3205 cum
970 3148 1095 3223 reliquis
1109 3144 1200 3205 Gudi-

205 3234 260 3291 anis
275 3237 303 3293 in
320 3237 498 3296 bibliotheca
517 3235 754 3313 Guelferbytana
774 3236 956 3296 adservatur.
991 3278 993 3282 .

256 3324 284 3381 in
292 3326 553 3402 subscriptionibus
563 3328 594 3384 et
603 3326 701 3385 titulis
712 3325 829 3385 Sursuli
839 3344 1001 3404 cognomen
1011 3328 1093 3402 quod
1106 3327 1198 3386 sciam

205 3428 334 3488 nusquam
348 3418 482 3491 apparet,
500 3416 585 3475 velut
598 3415 685 3474 finita
699 3414 850 3474 Thebaide
864 3416 976 3495 legitur
994 3414 1199 3474 EXPLICIT·

206 3496 263 3557 ΠΒ
271 3532 277 3543 ·
285 3504 340 3562 XII
354 3536 360 3546 ·
375 3502 605 3563 THEBAIDOS
617 3534 623 3547 ·
634 3503 786 3563 INCIPIT
797 3535 803 3547 ·
814 3504 838 3561 P
849 3536 854 3547 ·
865 3505 1019 3564 PAPINII
1030 3536 1035 3548 ·
1047 3505 1197 3565 STATII·

208 3586 602 3653 Acfflnuulocsafflu.
640 3597 788 3654 corrector
811 3594 933 3670 quidam
956 3596 1067 3654 saeculi
1085 3595 1145 3653 XII
1167 3596 1199 3654 in

209 3675 351 3742 Achilleide
374 3702 474 3743 vorsus
498 3684 632 3763 singulos
655 3686 710 3742 aut
732 3684 833 3759 plures
857 3676 1013 3767 omissos²)
1039 3684 1198 3762 supplevit,

210 3761 276 3827 iden
289 3790 421 3852 magnam
435 3773 520 3832 illam
537 3774 677 3833 lacunam
691 3773 765 3832 Ach.
783 3777 810 3845 1,
826 3774 889 3833 529
900 3792 942 3848 sq.
963 3774 1101 3851 explevit.
1127 3792 1198 3852 neg-

271 3960 293 4027 1)
309 3960 340 4015 11.
356 3960 526 4018 Kohlmanni
545 3961 680 4016 Achilleis
699 3979 726 4030 p.
741 3960 774 4015 X.
