2959 4659
449 602 619 659 EDITORIS
637 600 844 659 PRAEFATIO
1117 605 1157 659 IX

163 779 264 851 spiceret
284 794 382 835 nemo.
420 776 488 850 post
510 774 590 833 bunc
613 776 714 832 autem
736 773 895 850 Philippus
913 772 1085 833 Kohlmann
1102 793 1157 851 per

164 868 238 924 totam
249 864 430 925 Thebaidem
444 863 629 922 Puteaneum
643 862 779 937 adscivit,
794 863 844 922 sed
858 865 893 921 ut
911 862 954 938 fit,
969 881 1035 922 cum
1051 864 1156 923 ceteris

161 955 286 1014 naheren
306 973 371 1013 esse
390 955 589 1029 cognosceret,
607 970 695 1012 caeca
709 972 777 1012 eum
792 952 964 1011 adulatione
982 957 1156 1028 prosecutus

161 1048 201 1119 est,
216 1045 281 1103 adeo
300 1046 338 1103 ut
357 1042 425 1120 plus
445 1042 535 1101 semel
549 1044 654 1101 contra
673 1060 775 1101 versus
789 1041 870 1119 leges
884 1060 1006 1118 peccare
1025 1062 1084 1102 non
1103 1042 1157 1101 du-

161 1132 257 1209 bitaret,
273 1132 435 1193 dummodo
454 1131 601 1190 Puteanei
618 1130 777 1190 lectionem
796 1130 1031 1207 amplecteretur.

212 1224 374 1282 contulerat
388 1222 518 1280 codicem
533 1220 755 1279 accuratissime
769 1221 801 1278 in
810 1219 931 1279 Mdlleri
943 1239 1029 1279 usum
1044 1221 1157 1280 Paulus

161 1312 247 1387 lieyer.
273 1312 362 1371 cuius
382 1310 541 1370 collatione
554 1310 663 1368 Miller
680 1311 713 1367 in
728 1308 858 1368 editione
877 1328 932 1368 sue
951 1328 1001 1368 sex
1014 1309 1158 1369 librorum

160 1401 298 1460 Thebaidis
318 1420 390 1460 usus
409 1402 462 1458 est.
498 1399 573 1457 mihi
591 1417 662 1459 vero
681 1400 748 1457 tota
765 1398 888 1457 collatio
906 1399 1021 1474 Meyeri
1038 1402 1157 1475 praesto

160 1494 200 1548 est.
227 1490 292 1550 dein
311 1490 519 1549 Kohlmannus
542 1489 607 1563 ipse
631 1506 750 1563 quoque
774 1490 870 1547 totam
890 1487 1071 1547 Thebaidem
1090 1507 1157 1548 oon-

159 1579 221 1637 tulit.
254 1580 306 1640 sed
326 1598 396 1637 oum
418 1578 499 1637 haud
518 1578 620 1653 paucis
639 1578 713 1637 locis
732 1577 851 1636 diversa
870 1579 960 1653 atque
979 1579 1081 1655 Meyer
1099 1581 1157 1637 ret-

159 1669 244 1727 tulerit
256 1670 292 1727 de
309 1669 419 1743 codice,
433 1667 514 1726 locos
529 1666 662 1745 singulos
677 1668 923 1725 examinaverunt
936 1666 1114 1727 Wilkinsius
1129 1670 1159 1726 et

159 1755 249 1833 Plator,
266 1758 348 1817 unde
367 1776 426 1816 non
445 1756 536 1815 nullis
553 1757 626 1814 locis
644 1758 773 1815 certiora
792 1758 822 1814 et
836 1757 954 1815 veriora
969 1775 1059 1831 quarn
1079 1758 1159 1833 apud

159 1846 363 1906 Kohlmannum
376 1848 408 1904 in
423 1844 605 1905 editionibus
614 1845 781 1923 Anglorum
796 1844 965 1904 extiterunt.
980 1848 1082 1905 tamen
1095 1866 1159 1905 rem

158 1938 256 2009 penitus
279 1937 437 2009 resarcire,
461 1936 494 1993 ut
517 1937 673 2010 parerat,
696 1935 866 1993 noluerunt.
908 1934 1009 2009 itaque
1033 1935 1159 2013 gaudeo,

158 2026 223 2099 quod
235 2026 309 2085 mihi
324 2025 462 2101 contigit,
481 2026 515 2082 ut
530 2043 607 2083 anuo
625 2026 708 2083 1901
726 2023 857 2083 codicem
870 2022 1082 2103 benignissime
1095 2026 1158 2084 Μο-

158 2114 280 2174 uachium
294 2116 505 2174 transmissum
518 2115 550 2172 in
565 2113 753 2173 Bibliotheca
762 2114 856 2192 Regia
871 2112 1030 2192 diligenter
1044 2116 1159 2173 excute-

158 2222 213 2260 rem.
229 2224 297 2264 cum
311 2223 382 2264 vero
396 2204 459 2261 fere
476 2222 593 2278 semper
605 2222 671 2261 mea
686 2202 808 2262 collatio
823 2222 890 2261 cum
903 2203 1077 2279 Meyeriana
1091 2223 1159 2263 con·

157 2294 246 2369 spiret,
265 2297 296 2353 et
314 2293 366 2351 ubi
386 2292 541 2366 differunt,
560 2295 628 2351 uter
646 2292 686 2351 sit
703 2293 798 2351 errori
816 2292 969 2367 obnoxius,
987 2293 1075 2352 facile
1094 2312 1159 2368 per·

157 2384 298 2459 spiciatur,
322 2382 384 2441 iam
407 2384 554 2458 quantum
577 2400 667 2456 penes
690 2382 825 2441 homines
844 2383 902 2455 est,
922 2385 1093 2442 accuratam
1113 2402 1159 2441 me

158 2468 287 2531 Puteanei
304 2471 376 2530 libri
395 2473 536 2530 notitiam
554 2489 640 2547 spero
659 2472 856 2547 proposuisse.

209 2561 348 2637 codicem,
359 2563 413 2635 qui
421 2560 539 2620 saecnlo
547 2560 589 2618 IX
599 2564 723 2619 exeunte
731 2562 785 2618 ent
792 2560 820 2618 X
828 2562 949 2621 ineunte
959 2562 1087 2637 scriptus
1098 2580 1160 2620 esse

157 2649 277 2724 videtu,
294 2650 333 2709 ed
351 2649 564 2708 bibliothecam
583 2650 759 2709 monasterii
779 2649 964 2710 corbeiensis
982 2650 1160 2727 pertinuisse

157 2736 358 2799 lemonstravit
376 2738 448 2798 Otto
458 2730 605 2820 Mulieri)
624 2758 694 2799 uam
712 2738 911 2799 subscribitur
928 2741 961 2798 in
980 2740 1059 2799 calce
1077 2740 1160 2799 libri:

463 2847 698 3022 Zbgaeisfflcti
716 2850 853 3023 Petri»

157 3058 196 3117 rbi
214 3079 291 3136 quae
303 3062 388 3120 uncis
402 3060 507 3120 fractis
526 3062 753 3137 circumscripsi,
768 3080 853 3122 erasa
866 3064 936 3121 sunt
950 3094 989 3103 —
1007 3082 1113 3139 nempe
1127 3065 1162 3122 ut

157 3150 258 3207 hrtum
283 3151 428 3209 celaretur
446 3182 503 3225 -—,
527 3150 578 3209 sed
602 3161 683 3210 certo
707 3153 834 3228 cognita.
880 3170 977 3227 neque
1001 3153 1161 3228 quicquam

157 3238 252 3313 obstat,
273 3239 428 3315 quominus
448 3240 579 3298 codicem
599 3238 740 3300 (lorbeice
760 3241 851 3319 etiam
870 3243 1014 3318 scriptum
1033 3260 1096 3301 esse
1115 3262 1160 3299 ar·

157 3330 296 3386 ›itremur.
336 3329 417 3387 idem
440 3329 488 3388 vir
515 3329 619 3389 doctus
641 3330 771 3405 ineptius
794 3329 985 3390 librariorum
1006 3333 1162 3407 praeterea

157 3416 265 3477 rdditas
280 3420 475 3493 transcripsit.
495 3438 546 3478 sex
560 3420 638 3477 enim
653 3419 814 3495 subscripti
828 3420 898 3479 sunt
913 3420 1062 3479 Thebaide
1076 3420 1162 3480 finita

157 3526 255 3566 rersus.
292 3508 405 3582 primus
425 3510 471 3566 est
488 3507 550 3567 hic:

281 3622 408 3696 scriptor
425 3642 492 3683 sien
510 3624 578 3683 totis
597 3625 776 3683 demonstrat
793 3626 877 3684 litero
896 3627 1000 3698 accim

157 3738 254 3797 leinde
275 3738 419 3798 adiectum
439 3743 484 3799 est
501 3739 632 3816 primurn
650 3759 685 3798 ex
704 3740 848 3801 Disticbis
869 3734 1036 3824 Catonis⁸):

217 3926 245 3993 1)
265 3924 361 3980 Electa
379 3926 516 3981 Statiano.
553 3944 646 3997 progr.
665 3928 790 3983 Berolini
809 3933 879 3983 1882
898 3948 924 3999 p.
942 3935 982 3983 12.

216 3999 246 4069 2)
268 3994 333 4055 oco
342 3998 451 4069 Miller,
467 3999 665 4057 Wocheusohr.
680 3999 726 4053 ihr
735 4000 895 4070 Philologie
905 4005 938 4053 20
948 4002 1049 4070 (1903),
1062 4017 1090 4068 p.
1101 4004 1160 4051 196.
