2959 4659
665 983 964 1066 APPENDIX
1028 1010 1032 1018 ’

328 1157 454 1225 emm
477 1157 729 1225 rnnnmoos
756 1157 1036 1224 inevunum
1063 1159 1294 1248 Amicum)

539 1325 651 1384 LIBRI
673 1325 789 1384 PRIMI
812 1323 1097 1384 ARGVMENTVM

782 1444 853 1498 decet

511 1593 622 1653 LIBRI
646 1593 822 1653 suevum
844 1593 1130 1654 ARGVMENTVM

362 1735 396 1795 at
418 1729 506 1795 Maia
528 1731 656 1816 genitus
680 1753 812 1816 superos
835 1730 998 1797 remeabat
1020 1731 1061 1795 ad
1084 1753 1189 1815 auras,

362 1820 548 1904 excitusque
572 1820 679 1886 Erebo
703 1819 768 1885 iam
791 1843 904 1886 saevus
927 1820 1025 1886 Laius
1048 1820 1126 1905 ibat,

362 1909 503 1974 Tiresiae
526 1911 653 1974 vultum
676 1910 710 1974 in
732 1909 855 1975 somnis
878 1911 1034 1975 mentitus
1058 1914 1090 1974 et
1113 1931 1178 1975 ora

362 1998 479 2063 armari
502 1999 537 2062 in
559 2000 691 2064 fratrem
715 1998 821 2064 dirum
843 1997 996 2063 Eteoclea
1018 2003 1195 2084 perurguet

327 2103 343 2151 o
361 2086 607 2172 perfossumque
631 2090 717 2154 senis
739 2089 888 2174 iugulum
911 2088 1089 2172 faciemque
1112 2088 1254 2152 recludit.

361 2198 502 2260 moxque
525 2200 599 2242 auae
622 2177 775 2242 thalamis
797 2180 889 2241 natas
914 2177 1050 2242 sociavit
1072 2176 1231 2242 Adrastus

362 2265 522 2350 Deipylen
544 2265 654 2350 Tydei,
677 2266 803 2352 Argian
825 2266 989 2351 Polynicis
1012 2267 1120 2331 amati.

363 2356 419 2420 sed
442 2356 577 2439 cupidus
600 2357 691 2440 regni
714 2355 833 2420 fortem
856 2353 1025 2421 Cadmeius
1049 2356 1145 2420 heros

363 2443 472 2527 Tydea
493 2445 637 2530 legatum
660 2443 772 2528 mittit,
796 2445 851 2528 qui
875 2445 1004 2509 foedera
1026 2445 1162 2510 fratrem

235 2597 238 2612 ,
310 2550 343 2597 10
362 2537 509 2617 posceret
531 2534 667 2618 imperii.
713 2533 768 2598 ille
792 2554 867 2598 auae
890 2555 958 2599 non
979 2535 1138 2598 inmemor
1162 2535 1228 2599 irae

362 2623 600 2708 quinquaginta
622 2623 709 2688 viros
731 2624 876 2709 legatum
900 2621 1046 2687 obsidere
1069 2622 1175 2687 iussit.

363 2733 444 2796 quos
467 2713 583 2777 stravit
605 2713 678 2777 telis
701 2713 806 2777 victor
828 2711 1029 2796 patriamque
1051 2712 1174 2778 revisit.

380 2856 397 2903 4
417 2850 546 2906 etheocla
563 2857 642 2914 1er

528 3021 639 3080 LIBRI
662 3021 799 3080 TERTII
821 3020 1107 3080 ARGVMENTVM

361 3157 503 3242 perfidus
526 3158 650 3222 interea
671 3160 843 3224 missorum
867 3180 937 3223 sera
958 3159 1101 3222 virorum

362 3250 511 3331 tempora
533 3247 609 3311 dum
633 3249 788 3334 queritur,
812 3249 888 3312 dum
912 3251 1037 3334 spectat
1059 3249 1143 3312 colla
1167 3249 1264 3314 reciae

362 3335 489 3420 Tydeos
510 3337 618 3422 invisi,
640 3341 718 3402 tunc
740 3359 825 3402 unus
848 3340 939 3402 tanta
962 3359 1001 3402 ex
1023 3336 1119 3402 caede
1140 3339 1268 3404 relictus

381 3481 397 3528 2
421 3478 573 3545 spectati
598 3485 734 3546 empectct
824 3485 839 3532 3
867 3479 1062 3546 heptameocm
1089 3479 1169 3533 varie
1191 3477 1309 3534 madon

309 3547 437 3603 marcere
455 3549 578 3604 librarii:
598 3551 667 3603 tunc
684 3567 758 3603 unna
776 3552 859 3604 tenta
878 3566 911 3603 ex
930 3549 1016 3602 caede
1035 3551 1079 3618 (ex
1094 3549 1183 3604 caede
1197 3551 1272 3604 una
1285 3549 1309 3613 μ)

309 3654 425 3710 relictus
445 3655 505 3723 (tic
523 3657 547 3726 r)
567 3659 672 3723 Bora:
690 3659 861 3711 tenemur·
878 3658 960 3710 tanta
979 3619 1013 3726 gil
1037 3655 1123 3710 caede
1149 3655 1262 3712 relictui
1278 3652 1308 3710 νί

309 3729 378 3780 tnnc
400 3744 473 3779 unus
497 3744 531 3780 ex
555 3729 640 3781 caede
664 3727 780 3782 relictus
804 3734 832 3783 ῦς
861 3731 930 3782 tunc
953 3728 1035 3783 tanta
1057 3741 1090 3780 ex
1109 3727 1198 3782 caede
1216 3727 1309 3784 relicto!

308 3801 354 3868 (ex
372 3800 471 3852 cedere
491 3799 575 3853 dictio
589 3801 619 3869 1.)
638 3805 708 3853 LII

380 3943 404 4016 ⁸)
423 3942 458 3997 of.
473 3942 578 3997 Archiv
591 3941 637 3996 fiir
651 3940 748 3998 latein.
759 3942 984 4014 Lexikographie
994 3948 1028 3997 lo
1039 3946 1130 4014 (190⁷)
1139 3960 1168 4014 p.
1180 3945 1310 3999 tol-tlt.
