2959 4659
283 579 327 643 54
644 575 674 632 1³.
694 575 941 631 curreremus

283 744 415 805 ornatus
440 762 530 805 sacro
554 739 719 823 praeculta
743 740 927 824 supervenit
951 761 1037 804 auro.

281 831 404 894 videret
426 829 488 892 hoc
512 828 650 894 coniunx
675 829 810 913 perituri
832 829 917 893 vatis
940 832 973 893 et
996 849 1067 893 eras

283 923 357 984 ants
381 918 486 983 omnis
509 918 684 1003 epulasque
707 921 831 982 trucem
854 922 977 983 secreta
998 920 1160 1001 coquebat
1248 933 1295 982 eoo
1352 934 1353 949 ¹

281 1007 445 1089 invidiam,
469 1007 571 1071 saeris
595 1007 690 1072 detur
712 1007 740 1071 si
763 1007 890 1090 quando
914 1007 1013 1091 potiri

284 1096 434 1180 cultibus,
456 1097 520 1161 heu
542 1095 625 1159 nihil
648 1096 793 1180 auguriis
816 1096 926 1160 adiuta
948 1095 1149 1180 propinquis.

282 1207 364 1270 quos
388 1189 480 1269 optat
503 1186 651 1271 gemitus,
675 1188 812 1268 quantas
836 1184 927 1269 cupit
950 1185 1050 1268 impie
1074 1185 1194 1250 clades!

283 1275 381 1361 digna
404 1274 543 1359 quidem,
567 1273 623 1339 sed
647 1274 724 1358 quid
747 1274 857 1338 miseri
880 1274 1014 1357 decepta
1036 1274 1142 1339 marit'

281 1386 378 1442 erma,
402 1363 480 1448 quid
503 1364 646 1427 insontes
669 1363 737 1427 neti
761 1383 905 1428 meruere
928 1362 1074 1428 furores?
1248 1379 1296 1428 aot

348 1456 521 1536 postquam
544 1452 667 1538 regales
691 1453 803 1535 epulae
827 1456 860 1516 et
882 1452 1001 1537 gaudia
1023 1451 1115 1538 vulgi

282 1541 404 1606 bisseni
427 1542 549 1607 clusere
573 1541 650 1624 dies,
673 1539 832 1606 Ismenius
855 1541 950 1606 heros

281 1630 439 1715 respicere
463 1631 502 1695 ad
525 1629 651 1694 Thebes
674 1631 805 1714 iamque
828 1633 860 1694 et
883 1652 941 1694 sua
965 1651 1116 1714 quaerere
1141 1652 1249 1717 regna.

284 1721 402 1805 quippe
426 1720 569 1784 animum
594 1719 681 1785 subit
704 1719 761 1784 illa
785 1719 862 1804 (1100,
885 1741 957 1805 que,
980 1723 1068 1784 sorte
1090 1719 1233 1808 benigna

281 1809 401 1892 fratris,
424 1809 583 1875 Echionia
607 1813 740 1873 steterat
764 1809 908 1893 privatus
932 1809 966 1873 in
990 1808 1072 1892 aule,
1249 1825 1296 1874 310

225 1897 261 1980 sq
282 1899 457 1982 respiciens
481 1899 618 1962 descisse
641 1899 717 1962 deos
740 1898 931 1981 trepidoque
954 1899 1098 1962 tumultu

256 2026 260 2077 ί
282 1987 425 2071 dilapsos
448 1987 590 2071 comites,
612 1987 735 2052 nudum
758 1988 843 2051 letus
867 2008 962 2051 omne
984 1988 1160 2073 fugamque

281 2077 439 2140 fortunae.
485 2098 624 2159 namque
648 2099 711 2140 une
735 2097 829 2141 soror
850 2077 1026 2160 producere
1048 2077 1152 2141 tristis

283 2164 386 2230 exulis
411 2187 488 2230 ausa
510 2165 593 2251 vias3
616 2166 715 2229 etiam
737 2166 821 2230 hene
844 2164 878 2228 in
901 2165 1012 2229 limine
1035 2166 1140 2249 primo

283 2254 422 2338 liquerat
446 2258 478 2318 et
500 2276 618 2340 magna
640 2255 790 2319 lacrimae
814 2254 989 2319 incluserat
1012 2255 1066 2318 ira.
1248 2267 1294 2319 315

282 2347 360 2408 tunc
383 2365 464 2427 quos
488 2344 643 2409 excedens
666 2344 788 2428 hilaris,
812 2344 883 2427 quis
907 2345 1012 2408 cultus
1035 2342 1139 2427 iniqui

282 2433 474 2517 praecipuus
498 2431 599 2516 ducis,
622 2437 654 2497 et
676 2435 816 2518 profugo
840 2454 921 2517 quos
943 2433 1014 2516 ipse
1037 2435 1167 2497 notarat

281 2523 477 2606 ingemuisse
501 2521 574 2606 sibi,
595 2543 654 2607 per
676 2526 804 2587 noctem
828 2543 865 2586 ac
886 2523 958 2586 luce
982 2522 1043 2587 sub
1067 2522 1157 2586 omni

353 2773 405 2822 313
424 2773 454 2823 Σ
472 2735 581 2836 13100
600 2785 705 2823 comes:
734 2771 767 2822 ut
785 2769 845 2839 ipse
869 2768 1009 2838 superius:
1038 2784 1160 2838 namque
1184 2787 1294 2824 una...
1343 2798 1346 2845 ἰ

282 2839 371 2893 tristis
387 2881 429 2895 ...
444 2840 503 2895 rias
1342 2852 1346 2931 J

353 3076 405 3125 238
425 3073 603 3144 000010001ξο
622 3073 692 3143 (dl)
711 3079 724 3125 1
795 3078 847 3126 300
866 3073 956 3127 omnis
970 3079 1036 3128 Pro:
1055 3073 1131 3145 ignis
1145 3074 1191 3144 (al
1204 3093 1295 3132 omnes
1340 3038 1345 3129 1

282 3193 394 3266 01009.)
413 3200 455 3248 Bb
510 3199 711 3265 coquebatur:
732 3197 848 3253 -bantl’
903 3203 954 3252 303
972 3146 1073 3252 illidii
1087 3197 1122 3258 α’
1178 3204 1230 3254 303
1248 3202 1296 3256 im·

282 3317 350 3388 pia}
373 3320 454 3390 (·s)b
535 3327 586 3377 300
609 3323 671 3378 nati
694 3342 728 3379 ec
751 3327 791 3378 -te
812 3323 847 3377 1.¹
909 3273 1017 3377 furodies⁸
1029 3321 1086 3378 1⁰:
1114 3324 1249 3379 furorisf

283 3395 334 3443 300
354 3391 508 3460 aepulas?
580 3394 960 3466 8070u2.11‚add.1¹m9.
1016 3395 1126 3449 Bisseni
1144 3414 1179 3450 cx
1197 3415 1246 3452 -no
1264 3398 1295 3456 0¹

337 3473 443 3571 elisere
464 3499 522 3555 1⁰:
552 3501 676 3556 clausere
699 3522 725 3569 μ
789 3501 1246 3559 isthmeniue1’2hismeniusm
1339 3530 1345 3577 '.

284 3624 335 3673 309
349 3619 401 3674 illa
414 3627 480 3677 Pro:
500 3624 589 3680 illese
643 3577 802 3697 buddligilaan
875 3633 925 3682 311
944 3628 1110 3697 Respiciens
1127 3634 1193 3683 Per:
1214 3645 1294 3701 agno-
1342 3594 1345 3613 Ι

283 3707 362 3744 scens
384 3693 539 3752 Garrode'us
593 3698 712 3753 descisse
731 3718 772 3755 ro:
799 3700 920 3783 descisse
939 3699 1085 3813 malello?
1104 3704 1149 3769 (00
1166 3701 1219 3755 -01-
1235 3703 1295 3768 secet
1344 3741 1348 3793 Ι

283 3833 340 3870 -00-
353 3823 392 3884 P0,
407 3820 494 3875 uoluit
505 3822 593 3892 epitur
607 3823 726 3877 discesse
741 3827 760 3878 i.
775 3825 948 3892 disceseieec):
968 3824 1088 3879 descisse
1108 3832 1143 3880 K:
1162 3825 1264 3881 abiisse
1277 3834 1293 3880 0

338 3893 389 3943 312
412 3891 520 3945 nudum
542 3909 576 3947 ex
595 3892 638 3946 ni·
656 3898 685 3945 0ΙΓ
767 3900 817 3947 316
837 3893 940 3948 hilares
964 3901 996 3949 P:
1023 3895 1125 3950 hiraris
1143 3896 1183 3949 B'
1236 3898 1294 3968 quis

283 3965 348 4014 Pro:
377 3962 444 4029 quia
462 3964 682 4019 Saudstrocmc'ue
696 3969 771 4018 1878
781 3983 812 4032 p.
827 3969 862 4017 43
944 3971 995 4019 317
1015 3971 1043 4021 et
1061 3986 1081 4023 0.
1102 3970 1119 4023 l.
1138 3968 1163 4021 1ι

810 4203 922 4248 Α
