2959 4659
511 617 717 672 THEBAIDOS
736 616 802 671 LIB.
816 617 863 673 VI.
1131 618 1197 682 213

171 781 348 845 aetheriae.
394 780 502 865 potior
525 783 648 846 meritis
671 785 780 845 tamen
802 780 866 859 ille,
890 781 945 844 sed
967 780 1064 846 huius

172 875 322 934 extrema
344 872 409 934 iam
432 869 488 933 fila
511 872 598 954 colu3
621 870 715 934 datur
738 870 816 935 ordo
841 873 986 934 senectae
1145 888 1198 936 380

173 956 318 1024 Admeto
343 980 513 1042 serumque
536 959 633 1044 mori3
657 959 717 1024 tibi
740 961 831 1023 nulla
854 963 1027 1043 supersunt

172 1049 306 1134 gaudia,
328 1070 403 1113 nam
427 1047 556 1113 Thebae
579 1050 670 1113 iuxta
693 1053 725 1112 et
748 1049 917 1114 tenebrosa
938 1070 1068 1136 vorago

174 1139 241 1217 scis
264 1138 371 1221 miser,
395 1142 427 1201 et
448 1142 577 1202 nostrae
600 1138 725 1222 pridem
749 1139 891 1202 cecinere
913 1137 1080 1202 volucres?

174 1227 269 1310 dixit,
294 1231 326 1290 et
350 1248 387 1290 os
409 1227 487 1291 fletu
510 1249 611 1312 paene
634 1227 820 1292 inviolabile
843 1227 963 1291 tinctus

174 1318 342 1401 extemplo
364 1313 508 1381 Nemeen
531 1317 675 1380 radiante
699 1338 756 1399 per
779 1338 852 1380 aera
875 1316 960 1380 saltu
1145 1333 1197 1381 385

175 1407 269 1471 ocior
292 1408 325 1469 et
347 1407 452 1489 patrio
475 1406 565 1470 venit
588 1405 662 1491 igne
686 1405 817 1488 suisque
840 1405 976 1491 sagittis.

173 1495 257 1578 ipse·
272 1494 350 1558 olim
373 1495 407 1558 in
430 1496 534 1580 terris,
558 1496 645 1559 caelo
669 1495 807 1580 vestigia
829 1495 954 1572 durant,

174 1585 330 1667 claraque
351 1605 410 1668 per
432 1585 589 1668 zephyros
613 1585 790 1648 etiamnum
814 1584 928 1647 semita
950 1583 1045 1648 lucet.

246 1676 280 1736 et
301 1673 366 1737 iam
383 1674 524 1738 sortitus
546 1673 708 1738 Prothous
732 1677 876 1737 versarat
897 1694 978 1736 aena

174 1762 311 1846 casside,
337 1763 464 1846 iamque
486 1765 577 1827 locus
601 1764 717 1845 cuique
740 1766 789 1827 est
811 1766 843 1826 et
866 1761 987 1826 liminis
1011 1761 1099 1826 ordo.
1144 1777 1197 1826 390

172 1855 337 1915 terrarum
360 1851 475 1916 decora
498 1851 605 1936 ampla
627 1852 697 1936 viri,
721 1852 835 1916 decora
858 1873 960 1935 aequa
982 1850 1114 1936 iugales,

174 1940 290 2004 divum
314 1944 489 2024 utrumque
512 1963 621 2027 genus,
645 1944 733 2005 stant
755 1962 820 2005 uno
843 1940 990 2026 margine
1013 1939 1114 2004 clausi

174 2051 320 2114 spesque
343 2031 510 2114 audaxque
532 2053 597 2095 una
620 2033 724 2094 metus
748 2034 780 2093 et
802 2029 921 2095 fiducia
943 2030 1075 2113 pallens.

172 2118 225 2183 nil
248 2119 350 2182 fixum
375 2119 476 2184 cordi:
498 2124 646 2205 pugnant
668 2118 755 2182 exire
777 2122 968 2203 paventque,

174 2209 343 2274 concurrit
366 2229 507 2273 summos
531 2209 711 2272 animosum
734 2207 838 2292 frigus
861 2210 896 2272 in
919 2211 1016 2272 artus.
1143 2223 1195 2271 993

175 2298 236 2380 qui
260 2297 407 2383 dominis,
431 2297 514 2361 idem
539 2297 633 2360 ardor
656 2297 761 2382 equis3
783 2297 854 2364 face
876 2297 1000 2361 lumina
1023 2300 1169 2382 surgunt,

174 2407 235 2450 cra
259 2391 376 2451 sonant
398 2407 517 2470 morsu,
540 2387 725 2470 spumisque
749 2390 782 2450 et
803 2387 959 2472 sanguine
980 2386 1102 2450 ferrum

173 2478 293 2559 uritur,
316 2476 443 2559 inpulsi
458 2480 622 2558 nequeunt
644 2475 799 2540 obsistere
821 2479 931 2559 postes

250 2709 302 2757 379
323 2705 410 2759 Prisc.
426 2703 472 2758 GL
485 2703 512 2756 II
526 2709 587 2771 969,
603 2710 635 2757 16
655 2703 746 2771 colus,
765 2703 820 2758 coli
839 2707 869 2758 et
888 2703 965 2758 colus
1039 2702 1146 2757 Statius
1164 2704 1195 2757 in

175 2776 227 2831 VI:
249 2775 300 2830 sed
314 2774 397 2830 huius
412 2817 418 2829 .
431 2817 453 2828 ..
469 2775 532 2829 colu
548 2817 571 2830 ..
587 2778 723 2830 senectae.
757 2778 791 2842 ef.
807 2776 879 2831 Sero.
895 2779 963 2829 Aen.
978 2780 1004 2842 8,
1018 2779 1071 2828 409
1088 2773 1195 2828 Statius

174 2848 263 2901 huius
282 2845 360 2901 colus
378 2848 419 2916 (in
437 2846 476 2901 vi
493 2846 665 2901 Thebaidos:
685 2849 810 2901 extrema
825 2889 849 2901 ..
864 2845 928 2901 colu
944 2889 966 2901 ..
982 2848 1111 2900 senectae
1129 2848 1193 2901 odd.

175 2919 289 2987 Dresd)
366 2923 416 2972 991
439 2918 522 2978 (stass.
543 2920 624 2973 Auct.
640 2917 681 2972 ed.
697 2917 756 2971 Mai
774 2918 812 2971 IX
829 2936 856 2987 p.
878 2924 929 2972 165
955 2915 1063 2970 decoris
1087 2916 1194 2972 Statius

174 2989 349 3058 Thebaidos,
367 2990 417 3043 ubi
431 2990 483 3044 ait:
502 2992 640 3045 terrarum
657 2990 759 3044 decora
775 2988 835 3044 alta
848 2989 901 3042 viri
915 2988 1065 3056 decorique
1083 2989 1194 3059 iugales

250 3245 303 3294 379
322 3207 476 3294 Aetherias
493 3240 518 3293 {¹
588 3245 640 3295 380
659 3241 747 3294 fisac
801 3239 864 3295 colu
881 3245 902 3291 P
921 3241 1009 3294 Prisc.
1026 3239 1112 3295 Seru:
1132 3239 1193 3294 colo

175 3311 333 3383 (οοίξῆω
388 3312 693 3372 382nam1’3:iamo›
749 3317 800 3365 385
815 3312 852 3366 ad
865 3327 1016 3366 nemeenv
1052 3316 1192 3365 aeraPH:

175 3384 295 3439 aethera
313 3401 340 3437 ω
413 3387 464 3436 388
483 3383 570 3437 etiam
589 3383 744 3437 etiamnum
758 3389 790 3436 L:
810 3382 1009 3437 etiamnuncr
1064 3387 1116 3437 389
1128 3400 1193 3452 pro·

173 3492 260 3546 theus
284 3494 326 3549 93
389 3467 520 3554 versadat
542 3491 573 3543 b¹
654 3496 706 3544 390
729 3489 807 3544 locus
834 3507 868 3544 ea
894 3489 973 3544 lucos
996 3489 1031 3549 αἱ
1093 3489 1193 3544 limitis

175 3563 249 3633 (-itis
263 3563 296 3616 io
308 3563 374 3630 ras.)
389 3561 414 3614 1²
486 3566 536 3615 391
557 3561 657 3616 decora
671 3579 762 3631 aequa
776 3566 901 3622 ΡσίςΣι
926 3561 1028 3616 decora
1042 3577 1131 3629 aeque
1150 3562 1192 3615 8¹:

175 3645 278 3725 decori
293 3644 382 3737 aequi
401 3670 494 3738 (prius
508 3685 525 3722 a
538 3685 602 3730 secr.
616 3669 665 3734 1¹,
685 3671 801 3725 alterum
813 3669 870 3737 1⁰)
884 3674 923 3723 11:
939 3669 1112 3737 decoraeque
1127 3669 1191 3727 01¹:

175 3741 329 3808 decorique
343 3743 387 3809 (ea
397 3756 498 3808 -aeqne
507 3740 553 3794 11¹:
568 3757 602 3795 ea
616 3756 700 3809 -aque
709 3744 746 3807 μ)
760 3740 931 3807 limbus:
947 3740 1048 3795 decora
1062 3742 1148 3808 atque
1157 3744 1191 3794 D:

175 3815 280 3867 decora
299 3827 390 3880 aequa
407 3818 433 3866 et
451 3812 600 3880 decorique
614 3816 644 3865 Σ
697 3817 748 3864 393
767 3828 835 3881 -que
848 3828 906 3866 una
920 3813 949 3882 (Ξ
961 3813 1108 3924 ιιυὶοὲοῗὲῃξι,
1123 3827 1191 3866 eras.

175 3939 256 4008 -que)
275 3955 316 3992 w:
344 3953 456 4005 unaque
483 3935 544 3995 Μ’
614 3939 706 3990 metus
728 3955 785 3991 una
807 3942 831 3989 u
921 3942 973 3990 394
998 3936 1083 3989 fixum
1105 3934 1140 3991 ν’

175 4007 495 4078 paventqueeapo-01
566 4013 618 4062 396
633 4011 664 4063 io
678 4011 727 4064 lae.
743 4025 793 4064 scr.
807 4008 839 4061 b’
1153 4035 1155 4039 ν

1173 2421 1175 2423 ·
1244 2396 1265 2438 v
