2959 4659
503 513 673 569 EDITORIS
692 514 897 569 PRAEFATIO
1125 516 1212 570 XLIII
1238 532 1243 541 ·

176 687 224 743 in
245 685 440 761 usquemodo
465 685 505 743 sit
528 686 617 742 aucta
641 685 792 760 corruptio
815 686 846 743 et
867 684 1061 760 interpolatio
1086 686 1211 744 saeculis

178 775 305 834 decimo
320 778 351 833 et
364 774 523 833 undecimo
537 772 703 832 luculenter
716 775 922 849 perspiciatur,
938 776 1039 833 tamen
1048 775 1125 833 hanc
1137 794 1209 851 quo·

177 882 249 941 que
271 863 421 922 familiam
445 864 481 921 ab
505 882 565 921 uno
588 862 688 922 codice
712 881 864 922 emanasse
888 863 1085 922 demonstrari
1103 866 1209 939 potest.

177 973 225 1013 ac
247 953 381 1030 prImum
406 952 528 1028 quidem
550 953 641 1028 primi
662 951 733 1011 libri
756 954 933 1029 argumenta
957 955 987 1011 et
1005 952 1149 1028 pedestre,
1172 953 1210 1012 ad

177 1043 270 1119 qnod
288 1042 415 1118 respicit
433 1041 530 1101 Schol.
547 1042 637 1101 Theb.
655 1045 683 1115 1,
699 1042 738 1100 61
749 1034 782 1123 ¹),
803 1043 833 1100 et
852 1041 983 1101 versibus
1003 1045 1177 1117 conceptum
1184 1034 1208 1124 ²)

174 1134 350 1209 perierunt.
369 1133 474 1207 itaque
484 1133 650 1191 communis
660 1130 793 1189 codicum
803 1153 831 1189 ω
846 1133 933 1206 pater
941 1132 973 1188 in
983 1130 1069 1191 initio
1084 1133 1209 1191 mutilus

177 1227 259 1280 erat.
294 1221 404 1280 deinde
424 1222 517 1279 etiarn
531 1220 622 1279 Theb.
640 1222 690 1294 10,
707 1222 770 1280 100
779 1238 821 1294 sq.
837 1219 945 1279 damno
965 1222 1108 1280 exteriore
1127 1222 1208 1281 labo-

177 1313 255 1369 rant
274 1330 379 1371 omnes
397 1310 542 1387 vulgatae
560 1309 732 1369 traditionis
751 1308 874 1367 codices.
916 1328 985 1367 narn
1004 1310 1210 1371 desiderantur

179 1420 289 1461 versus
311 1400 556 1474 10,100-105
577 1401 608 1456 et
624 1401 674 1471 10,
690 1400 875 1473 111-117,
894 1398 930 1457 de
950 1418 1075 1474 quorum
1095 1400 1208 1479 origine

178 1489 328 1549 Statiana
342 1508 430 1548 nemo
444 1507 534 1547 sanus
549 1488 675 1547 dubitet.
695 1507 762 1547 curn
773 1508 842 1547 vero
856 1488 901 1546 bis
917 1489 980 1547 seni
989 1506 1092 1547 versus
1107 1490 1209 1549 amissi

178 1599 248 1640 esse
263 1580 437 1651 videantur,
456 1576 622 1637 similitudo
637 1580 753 1636 numeri
771 1596 831 1635 non
846 1578 1012 1652 exphcatur
1029 1580 1090 1636 nisi
1105 1580 1208 1637 iuferi-

176 1688 268 1727 orem
286 1668 356 1727 folii
379 1668 507 1727 alicuius
530 1669 647 1743 partem
670 1666 832 1727 abscissam
852 1684 913 1726 esse
933 1666 1102 1742 statuimus,
1126 1668 1208 1727 cuius

174 1762 212 1817 in
226 1760 348 1836 pagina
361 1758 507 1831 recta10,
521 1757 706 1830 loc-105,
722 1759 755 1815 in
770 1759 936 1830 81818810,
949 1759 1122 1815 112-117
1138 1758 1208 1816 18111

174 1851 280 1907 81811
310 1845 394 1923 quod
412 1847 536 1905 sirecte
554 1845 706 1920 sumimus,
726 1846 856 1905 duodeni
874 1848 994 1904 tantum
1012 1846 1136 1924 singulis
1156 1867 1207 1923 pa-

175 1938 263 2015 ginis
281 1954 391 1996 versus
409 1934 514 2010 scripti
532 1935 656 1994 fuerunt
673 1935 705 1993 in
727 1936 887 2011 archetypo
906 1935 1038 1994 familiae
1057 1958 1085 1994 ω
1105 1939 1158 1994 aut
1176 1939 1208 1996 in

176 2030 249 2085 eius
268 2028 366 2101 patre.
396 2025 450 2102 qui
467 2043 609 2083 numerus
628 2025 761 2101 cuipiam
780 2044 839 2084 non
855 2018 927 2083 eatis
942 2044 1067 2102 magnus
1087 2030 1207 2085 888811-

177 2117 303 2190 deatur,
318 2134 378 2191 quo
392 2116 522 2191 paginae
537 2114 750 2190 compleantur.
779 2114 882 2189 itaque
895 2114 975 2173 haud
990 2116 1050 2173 scio
1066 2135 1104 2174 81
1118 2115 1208 2176 liceat

177 2204 322 2264 conicere
335 2204 461 2279 picturis
476 2222 542 2261 eum
557 2203 689 2262 codicem
702 2204 794 2263 fuisse
809 2195 1030 2284 illustratumfl)
1059 2205 1206 2279 quomodo

178 2296 289 2352 autem
312 2294 429 2351 factum
452 2293 506 2366 sit,
524 2294 559 2349 11
576 2293 609 2349 in
628 2294 774 2368 quosdam
792 2292 906 2352 codices
926 2310 943 2359 ς
965 2295 1205 2369 10,100-103

177 2385 301 2458 recepti
315 2382 385 2455 sint,
403 2382 530 2440 totidem
549 2382 691 2441 11811818
706 2383 816 2441 lacuna
834 2383 867 2439 in
881 2382 980 2441 codice
996 2382 1122 2461 Collegii
1137 2381 1206 2443 011-

177 2472 267 2548 poris
288 2471 402 2529 Christi
420 2468 596 2530 Oxoniensis
613 2470 813 2546 inveniantur,
833 2491 892 2530 non
912 2471 1042 2547 expedio.
1076 2477 1154 2531 certe
1169 2474 1206 2531 ad

178 2565 288 2638 ipsum
309 2560 438 2619 codicem
458 2560 571 2617 Iuliani
589 2559 635 2618 illi
653 2580 756 2619 versus
775 2580 834 2619 non
852 2559 984 2620 redeunt.
1018 2565 1207 2620 consentiunt

178 2653 266 2709 enirn
280 2669 349 2709 cum
364 2654 391 2708 1²
404 2649 436 2707 in
450 2666 548 2708 errore
562 2648 688 2707 insulari
701 2651 850 2725 scriptura
865 2649 981 2709 effecto:
1003 2652 1052 2726 10,
1070 2652 1131 2709 103
1152 2670 1205 2727 pro

177 2740 425 2813 1111111881
443 2743 471 2797 P
489 2738 602 2816 legitur
618 2741 801 2813 murtiperoe,
820 2738 851 2797 in
871 2759 887 2805 ς
908 2741 961 2797 811
979 2742 1134 2813 mortifico
1154 2743 1206 2798 aut

177 2828 350 2904 mrdcipero.
378 2829 435 2888 hoc
447 2828 521 2903 quin
532 2828 760 2903 interpolationi
774 2828 924 2903 debeatur,
939 2846 998 2887 non
1013 2830 1058 2887 881
1072 2827 1205 2887 dubium.

251 2919 377 2996 longum
401 2920 447 2975 881
470 2919 571 2975 autem
594 2937 759 2991 numerare,
784 2920 859 2993 quot
876 2916 950 2977 locis
970 2941 997 2976 ω
1017 2936 1035 2975 8
1053 2918 1204 2977 Ρ1188181

178 3008 314 3068 recedat.
351 3006 455 3083 itaque
475 3006 623 3083 quaedam
642 3006 779 3083 eligenda
803 3009 880 3065 sunt.
919 3011 1008 3082 atque
1032 3009 1204 3083 881111881-

179 3118 267 3157 mum
291 3095 426 3155 animum
449 3095 632 3155 advertenda
654 3099 765 3171 censui,
789 3096 840 3153 ubi
860 3097 975 3174 vulgati
999 3096 1113 3156 codices
1137 3116 1204 3156 con-

180 3186 320 3247 sentiunt
339 3186 371 3243 in
389 3184 570 3245 lectionibus
594 3185 701 3260 quibus
720 3202 823 3245 versus
843 3186 966 3244 deletur.
995 3185 1083 3261 plura
1098 3189 1204 3262 siquis

180 3277 377 3353 quaesiverit,
397 3275 487 3333 adeat
505 3277 684 3350 apparatum
702 3275 847 3334 criticum.

255 3412 284 3479 1)
301 3411 402 3464 Irarum
414 3410 537 3463 ommam
544 3410 639 3463 seriem
646 3409 809 3475 fabularum
821 3412 853 3464 ia
865 3416 1024 3480 arpumeoto
1034 3411 1203 3480 dipessr'mus.

257 3484 285 3550 1)
304 3480 339 3535 cf.
360 3480 465 3534 Archiv
488 3480 533 3533 fiir
555 3478 605 3533 lat.
624 3480 850 3551 Lexikographie
870 3488 903 3535 15
923 3483 1013 3551 (1907)
1033 3488 1131 3551 1261.
1170 3482 1204 3535 de

183 3552 259 3607 sexti
277 3552 344 3607 libri
366 3554 534 3622 argumento
557 3551 633 3619 quod
655 3552 685 3605 in
709 3552 911 3607 recentioribus
933 3554 1044 3607 tantum
1063 3552 1142 3606 libris
1161 3553 1202 3605 in-

184 3625 304 3692 venitur,
321 3624 444 3678 forsitan
461 3623 594 3677 haeseris.

260 3698 287 3764 1)
305 3695 437 3765 picturae
452 3710 486 3748 ex
499 3694 643 3749 codicibus
658 3694 857 3764 superstitibus
872 3696 901 3748 in
912 3695 971 3751 solo
982 3694 1111 3751 (Indiaue
1120 3702 1144 3747 K
1157 3712 1205 3749 ex-

183 3768 270 3821 stant.
293 3783 367 3837 quae
381 3768 478 3820 utrum
492 3766 649 3833 antiquitus
662 3766 786 3821 traditae
801 3767 908 3821 811181
921 3766 1099 3837 impudenter
1113 3766 1203 3833 fictae,

183 3857 249 3893 cum
272 3838 399 3893 codicem
421 3838 485 3908 ipse
506 3855 563 3892 non
580 3838 713 3904 viderim,
732 3839 836 3893 nescio.
874 3840 922 3893 sed
942 3838 1078 3896 Ricardus
1097 3838 1204 3907 Biirger

183 3909 361 3980 ineptissime
379 3925 428 3965 eas
447 3907 562 3963 effectas
578 3909 649 3963 mihi
669 3909 790 3979 scripsit.
