2959 4659
287 538 350 603 126
618 588 625 603 .
649 540 679 595 P.
698 540 824 595 PAPINI
842 541 947 596 STATI

284 701 483 788 Taygetique
506 702 648 787 phalam
672 708 705 769 et
726 704 873 771 oloriferi
894 704 1038 771 Eurotae

285 791 364 856 dura
386 813 508 856 manus.
555 793 633 857 deus
657 794 726 878 ipse
749 794 837 859 viros
859 795 895 860 in
917 794 1050 879 pulvere
1072 797 1172 862 orado

283 878 385 945 Areas
407 879 467 945 alit
489 882 656 965 nudaeque
679 882 793 947 modos
815 883 947 949 virtutis
970 889 1002 948 et
1025 885 1090 949 iras
1355 949 1356 954 ,

283 969 465 1054 ingenerat,
487 970 582 1055 rigor
602 972 679 1035 inde
702 972 820 1037 animis
843 976 875 1037 et
897 973 1012 1039 mortis
1034 973 1179 1039 honorae
1247 992 1315 1042 aro

283 1057 377 1124 duloe
400 1079 535 1124 ssorum.
581 1061 723 1146 gaudent
746 1066 896 1127 natorum
918 1062 986 1127 ieta
1008 1068 1158 1147 parentes

283 1148 519 1230 hortanturque
542 1150 635 1233 mori,
656 1149 778 1236 defient
800 1151 929 1235 iamque
945 1153 1067 1239 omn-is,
1079 1154 1246 1237 ephebum

278 1236 388 1320 turba,
411 1242 564 1302 coronato
588 1242 740 1304 contenta
763 1243 813 1304 est
835 1241 948 1306 funere
970 1245 1081 1305 mater.

282 1326 374 1390 frena
395 1330 506 1391 tenent
529 1327 711 1412 duplexque
734 1330 855 1394 inserto
878 1330 1000 1395 missile
1022 1331 1119 1411 nodo,

284 1414 385 1480 exerti
408 1414 549 1500 ingentis
574 1439 710 1503 umeros,
733 1420 877 1503 chlamys
900 1419 1033 1483 horrida
1055 1420 1185 1505 pendet,
1254 1438 1315 1487 aaa
1356 1413 1357 1504 l

283 1507 316 1568 et
339 1525 421 1569 oono
444 1504 588 1571 Ledaeus
610 1528 701 1590 apex.
747 1529 813 1573 non
836 1508 871 1572 hi
894 1508 956 1573 tibi
979 1509 1094 1585 solum,

283 1593 488 1678 Amphiarae,
509 1600 647 1660 merent:
670 1600 769 1681 auget
789 1598 943 1681 resupina
963 1598 1125 1681 maniplos

281 1681 363 1768 Elis,
387 1683 554 1767 depressae
577 1686 716 1769 populus
740 1686 830 1751 subit
852 1685 959 1751 insola
981 1686 1083 1770 Pisae,

284 1773 340 1856 qui
363 1776 405 1857 te,
428 1773 519 1856 flava,
540 1776 654 1838 natant
676 1776 782 1859 terris,
804 1774 940 1859 Alphee,
964 1774 1088 1841 Sicanis

283 1861 414 1944 advena,
437 1865 504 1927 tam
527 1862 626 1949 longo
649 1884 716 1927 non
738 1886 893 1948 umquam
916 1865 1034 1929 infeste
1057 1865 1233 1950 profundo.
1257 1885 1315 1934 aso

283 1951 429 2015 curribus
452 1952 629 2016 innumeris
649 1952 715 2017 late
738 1955 848 2037 putria
870 1975 947 2018 arra
968 1955 1132 2020 lacessunt

283 2042 315 2104 et
338 2038 433 2104 bellis
457 2044 600 2106 armenta
622 2042 769 2107 doment:
793 2064 830 2107 ea
854 2042 958 2128 gloria
980 2044 1070 2128 genti

282 2129 414 2193 infando
438 2129 477 2193 de
499 2152 589 2195 more
613 2135 645 2195 et
667 2132 780 2197 fractis
804 2132 897 2196 durat
921 2131 961 2195 ab
985 2154 1087 2215 usque

283 2216 397 2282 axibus
421 2216 590 2304 Oenomai3
613 2221 751 2285 strident
774 2222 957 2306 spumantia
979 2243 1088 2286 morsu

281 2306 421 2389 vincula,
444 2312 477 2372 et
500 2308 632 2374 effossas
655 2312 768 2376 niveus
791 2311 877 2396 rigat
900 2310 1002 2375 imber
1024 2310 1169 2377 harenas.
1256 2331 1313 2379 245

282 2518 381 2573 Eleae:
405 2520 436 2574 in
459 2519 589 2592 eatalogo
613 2522 713 2575 horum
735 2521 878 2585 meminit,
907 2521 957 2589 qui
985 2520 1020 2573 ad
1042 2521 1150 2576 auxilia
1167 2528 1314 2579 venerant

282 2590 448 2660 Amphiarai
463 2594 548 2662 (237);
569 2595 655 2663 auget
674 2635 702 2647 ..
722 2592 782 2647 Elis
797 2592 868 2662 (edis
882 2591 924 2646 M:
953 2592 1022 2647 solis
1045 2595 1086 2647 sel
1107 2595 1168 2649 aim.
1194 2597 1312 2666 reliqna)

282 2664 312 2717 et
329 2662 473 2731 Pylios-nm
490 2664 621 2718 meminit
640 2666 725 2733 (2ll):
745 2681 816 2732 qnos
833 2663 958 2733 Pylos..
974 2664 1067 2717 ditata
1085 2665 1191 2720 earinis

354 2866 406 2915 222
433 2860 604 2973 Targetiqulp
614 2860 672 2973 nv:
701 2860 860 2931 Tagetique
884 2865 902 2913 0
969 2862 999 2914 et
1025 2859 1152 2914 oloriferi
1179 2868 1244 2917 PK:
1272 2868 1313 2919 et

566 2945 580 2973 0
598 2946 613 2973 V
633 2945 671 2974 010

316 2933 349 2973 lvi

283 2984 408 3051 oloriferi
426 2986 473 3045 0¹:
494 2988 523 3041 et
541 2984 722 3055 oloriferique
740 3004 768 3049 r:
791 2987 822 3039 et
839 2983 961 3038 oliviferi
979 2987 1024 3053 (ea
1042 2984 1126 3039 olori-
1144 2986 1191 3057 8¹)
1209 3005 1253 3043 or:
1275 2992 1311 3043 et

283 3056 463 3125 oloriferique
483 3059 561 3126 (·que
580 3058 645 3113 add.
664 3056 918 3127 11⁰)101nllgrsv:
943 3058 972 3109 et
995 3055 1143 3113 oliviferae
1160 3063 1199 3113 1:
1224 3059 1309 3113 olivi-

282 3126 429 3196 feriqnec
511 3134 563 3183 228
586 3128 741 3198 impnlvere
764 3134 796 3181 lb
879 3132 930 3182 230
949 3128 1060 3182 animus
1078 3134 1101 3183 l:
1129 3128 1199 3183 viris
1217 3130 1251 3184 δ’
1272 3135 1310 3186 in

283 3199 386 3253 lacuna
395 3200 626 3271 pauloampliore
674 3200 800 3256 honorae
813 3201 845 3253 iss
858 3199 959 3260 saed¹
1022 3204 1073 3254 231
1088 3203 1251 3255 nautarum
1263 3203 1310 3255 11⁰

335 3282 462 3391 parentis
478 3324 520 3377 IN
611 3330 662 3379 232
687 3324 792 3379 deflent
813 3331 846 3378 1²:
874 3324 959 3377 deflet
981 3341 1022 3379 us:
1049 3284 1136 3379 deflet
1162 3327 1192 3395 (n
1216 3327 1309 3383 aava

283 3393 385 3464 della
443 3396 639 3463 ephoebum?
720 3402 772 3450 233
792 3398 961 3450 eoronatab
1040 3401 1092 3450 235
1110 3394 1210 3451 Exorti
1226 3402 1250 3451 1.

282 3499 413 3572 ingentes
431 3501 563 3557 humeros
586 3504 693 3572 clamys
710 3511 736 3585 Ρ,
803 3508 855 3557 236
874 3467 953 3570 bitibi
968 3501 1003 3553 ΡΙ
1082 3508 1134 3557 238
1153 3505 1306 3573 depressae

283 3586 326 3684 (d
344 3610 390 3680 0¹)
407 3627 450 3665 oo:
469 3610 623 3679 deprensae
642 3616 662 3662 1²
715 3588 767 3681 p²se
783 3610 818 3663 1³¹
889 3615 941 3664 239
960 3576 991 3677 {i}
1007 3611 1041 3664 ν’
1096 3612 1124 3663 te
1141 3611 1180 3681 Ξ
1196 3611 1305 3667 dare!

339 3686 391 3735 240
415 3698 470 3736 non
493 3698 628 3750 umquam
651 3687 717 3736 Pur:
746 3698 900 3750 numquam
922 3686 947 3733 Ι
1013 3681 1135 3751 ἱιιξίθοὶο
1158 3689 1175 3735 b
1238 3700 1303 3753 pro-

282 3756 403 3809 funus
476 3758 525 3806 241
546 3753 642 3821 putria
659 3756 720 3822 (om.
734 3755 770 3821 1¹)
788 3770 829 3806 ωε
847 3754 976 3822 patriar
1030 3769 1098 3807 arva
1116 3770 1150 3808 a
1167 3769 1196 3808 ιο
1213 3756 1250 3807 ³¹

283 3833 335 3881 242
357 3824 437 3896 genti
465 3841 499 3879 eo:
523 3826 564 3877 -te
587 3829 607 3876 1.
694 3830 746 3878 243
769 3824 895 3891 abasque
919 3829 937 3876 0
1022 3828 1075 3877 244
1093 3824 1251 3895 Αξῶηοῐ

283 3933 403 3987 strident
423 3948 463 3985 ro:
484 3936 584 3983 -ensl’
657 3935 708 3983 245
728 3907 830 4003 effqhas
847 3930 889 3982 1¹
942 3931 1062 4000 hymber
1080 3936 1123 3984 23

759 4166 883 4231 Α
