2959 4659
288 544 429 607 xxxvm
589 552 759 607 actuosus
777 553 982 609 PRAEFATIO

288 722 423 799 pluribus
445 722 575 781 librariis
599 723 711 797 scripta
733 715 814 803 est.¹)
857 723 906 782 hio
929 724 1018 782 codex
1042 725 1114 783 olim
1137 725 1177 783 ad
1203 726 1304 785 biblio·

288 812 406 870 thecam
421 811 680 886 Herbipolitanam
699 813 852 887 pertinuit.
873 814 956 871 cuius
974 814 1018 872 rei
1036 814 1244 873 testimonium
1267 822 1303 874 est
1349 816 1350 843 t

289 903 361 959 nota
379 901 417 959 ab
435 902 501 976 ipso
520 901 646 960 fortasse
664 902 866 980 Bemeggero,
885 921 975 977 penes
995 922 1083 978 quem
1101 904 1195 962 codex
1215 925 1303 981 quou-

290 990 359 1048 dam
377 989 444 1065 fuit,
465 990 616 1066 adscripta
633 991 665 1048 in
682 993 869 1069 tegumento:
888 984 1123 1073 Nobiliss(tmas)
1146 986 1303 1074 Ioca(ocs)

288 1080 458 1139 Mcdooicw
467 1081 559 1154 Paper
566 1080 788 1154 Scopbasiooas
802 1082 854 1140 loc
868 1082 1050 1142 bibliothecae
1063 1082 1304 1157 Herbipolttaooc

287 1170 416 1243 spolium
429 1170 504 1228 dono
517 1172 598 1228 mtsit
607 1171 752 1229 Matthiae
761 1171 944 1245 Beracppcro
957 1171 1050 1229 1635.
1070 1171 1245 1250 Bernegger
1260 1193 1303 1231 au·

288 1261 348 1317 tem
368 1258 477 1317 librum
491 1256 640 1318 Gronovio
659 1259 802 1318 utendum
821 1261 965 1336 permisit,
985 1260 1037 1336 qui
1055 1261 1122 1336 plus
1137 1263 1232 1321 semel
1248 1265 1303 1321 eius

288 1347 468 1406 mentionem
491 1348 572 1406 fecit.
609 1348 646 1406 ab
665 1349 721 1408 hoc
740 1348 830 1407 codex
852 1349 884 1407 in
902 1349 1113 1409 bibliothecam
1132 1349 1303 1411 Leidensem

288 1437 432 1513 pervenit.
1021 1494 1024 1499 ,
1349 1436 1350 1451 ³

355 1527 838 1586 collationeutorKohlmanniana
846 1528 876 1585 iu
885 1528 1014 1587 editione
1022 1530 1224 1606 promulgata.
1235 1531 1303 1589 ima·
1349 1602 1350 1609 ἵ

288 1618 387 1693 ginem
396 1618 496 1675 autem
504 1616 746 1676 duarumoodicis
755 1617 932 1695 paginarum
941 1612 1303 1698 exhibetGhatelainius.²)

356 1705 482 1781 denique

623 1795 794 1853 Italicum
814 1796 971 1855 codicem

240 1932 275 1986 Μ
356 1920 479 1978 adhibui
489 1920 1303 1983 unumMediceumbibliothecaelraureutiauaePlut.

290 2012 342 2085 38,
358 2011 386 2083 6,
410 2011 495 2069 nobis
513 2014 557 2069 M.
595 2029 683 2086 quem
706 2013 796 2069 antea
820 2011 880 2069 fere
900 2004 1100 2092 neglectum³)
1120 2032 1200 2071 anno
1222 2016 1302 2073 1906

288 2100 457 2159 Florentiae
485 2099 607 2159 contuli.
649 2099 725 2158 liber
751 2100 878 2175 scriptus
904 2102 1022 2160 saeculo
1046 2102 1203 2161 undecimo
1228 2103 1304 2161 Stati

289 2189 471 2247 Thebaidem
489 2188 570 2247 foliis
589 2190 707 2247 centum
726 2191 878 2266 octoginta
896 2208 1035 2249 uersuum
1054 2192 1192 2249 vicenum
1212 2196 1304 2268 septe·

289 2299 360 2336 num
379 2280 511 2337 continet
529 2278 633 2336 multis
647 2278 767 2338 scholiis
787 2282 962 2337 enarratam.
992 2280 1023 2337 in
1037 2279 1303 2340 Laurentianame

288 2387 383 2443 parra
402 2367 581 2426 bibliotheca
607 2367 710 2427 Sancti
733 2368 864 2443 Spiritus
884 2361 982 2450 (banc.
996 2369 1072 2427 VHI
1088 2362 1122 2450 9)
1141 2371 1304 2429 translatus

289 2461 342 2516 est.
388 2458 460 2516 olim
488 2457 608 2515 loannis
631 2458 784 2516 Boccaccii
806 2458 878 2533 fuit,
901 2459 984 2517 cuius
1012 2478 1102 2517 manu
1124 2461 1156 2517 et
1183 2460 1305 2519 lacunae

290 2547 436 2623 quaedam
460 2547 593 2622 expletae
618 2550 648 2605 et
670 2546 789 2605 litterae
812 2548 932 2607 madore
957 2550 1113 2624 corruptae
1136 2550 1169 2606 in
1193 2549 1305 2608 ultimis

289 2636 464 2713 praesertim
482 2636 564 2694 foliis
583 2636 741 2695 restitutae
766 2641 842 2695 sunt.
872 2638 991 2713 scripsit
1011 2640 1110 2696 autem
1129 2637 1305 2699 Boccacoius

289 2726 363 2783 folia
377 2725 509 2784 insiticia
524 2727 575 2784 43.
593 2727 665 2784 100.
682 2728 753 2784 111.
772 2727 843 2784 165.
861 2728 1018 2785 166171.
1036 2729 1192 2802 praeterea
1207 2730 1304 2787 varias

289 2814 430 2873 lectiones
449 2834 465 2873 e
479 2814 556 2872 libro
570 2814 782 2889 recentissimo,
801 2835 906 2891 nempe
921 2835 955 2874 ex
975 2816 1077 2875 eodem
1092 2816 1169 2874 unde
1184 2818 1304 2877 lacunas

290 2905 453 2979 supplevit,
476 2904 555 2963 idem
577 2905 626 2962 hic
644 2904 707 2962 illic
734 2904 898 2965 adnotavit.
936 2909 1042 2981 poetae
1061 2925 1167 2965 nomen
1187 2911 1305 2981 praeter

289 2994 417 3052 frontem
436 2993 506 3051 libri
519 3026 562 3033 —
576 2994 624 3052 hie
642 2993 754 3053 866663
775 2995 936 3054 Thebaidos
959 2995 1070 3071 legitur
1083 3027 1127 3035 —
1140 3014 1202 3054 uon
1217 2998 1304 3055 extat.

357 3101 470 3142 errores
488 3084 599 3141 multos
616 3084 681 3158 ipse
699 3083 838 3143 librarius
854 3076 931 3167 (11¹)
951 3084 1128 3160 emendavit,
1148 3086 1253 3160 plures
1269 3089 1304 3145 et·

289 3174 350 3229 iam
369 3174 515 3231 corrector
533 3172 655 3248 quidam
674 3174 816 3248 aequalis,
837 3174 889 3248 qui
907 3174 1019 3233 scholia
1038 3174 1198 3249 adscripsit
1214 3168 1303 3256 (M⁰);

291 3261 369 3319 idem
383 3264 483 3320 varias
497 3262 639 3321 lectiones
652 3262 733 3321 haud
751 3281 819 3321 raro
835 3262 999 3339 adscripsit.
1025 3267 1221 3322 correctorem
1239 3284 1303 3324 vero

291 3351 385 3409 altero
408 3351 508 3409 codice
532 3370 594 3410 esse
616 3371 713 3426 usum,
735 3372 796 3411 non
820 3352 922 3411 eodem
945 3353 1022 3410 unde
1046 3345 1094 3412 11¹
1117 3353 1218 3428 fluxit,
1243 3373 1302 3412 oum

290 3440 402 3514 multis,
421 3443 486 3499 tum
503 3441 550 3499 his
564 3440 637 3500 locis
656 3442 847 3500 inlustratur:

381 3531 410 3602 3,
426 3530 488 3588 516
503 3531 610 3603 phoebi
627 3525 754 3590 ΜῙΡωε
774 3532 847 3591 coeli
864 3525 987 3598 M⁰Q¹r
1002 3524 1095 3613 (N¹?)

381 3621 410 3693 4,
427 3620 488 3677 765
503 3620 662 3693 pluvioque
679 3612 807 3680 M¹Poz
826 3623 970 3694 (laetoque
988 3623 1069 3680 wo

363 3810 389 3876 1)
409 3808 444 3861 cf.
464 3807 633 3862 Kohlmanni
652 3807 775 3861 Thebais
796 3812 864 3862 1884
883 3826 910 3877 p.
924 3807 970 3861 XI.

362 3884 388 3949 2)
406 3878 612 3949 Pale'ographie
631 3879 680 3933 des
699 3878 851 3947 classiquee
870 3879 955 3933 latins
969 3880 995 3933 Π
1012 3879 1050 3949 pl.
1068 3884 1127 3932 163.

362 3954 389 4023 3)
408 3951 443 4005 ef.
464 3950 495 4006 Ο.
510 3950 627 4019 Becher,
646 3949 887 4005 Boccacciofunde
907 3956 984 4003 1902.
