<?xml version="1.0" encoding="UTF-8"?>
<!DOCTYPE html PUBLIC "-//W3C//DTD XHTML 1.0 Transitional//EN"
    "http://www.w3.org/TR/xhtml1/DTD/xhtml1-transitional.dtd">
<html xmlns="http://www.w3.org/1999/xhtml" xml:lang="en" lang="en">
 <head>
  <title>
</title>
<meta http-equiv="Content-Type" content="text/html;charset=utf-8" />
  <meta name='ocr-system' content='tesseract 3.04.00' />
  <meta name='ocr-capabilities' content='ocr_page ocr_carea ocr_par ocr_line ocrx_word'/>
</head>
<body>
  <div class='ocr_page' id='page_1' title='image "./thebais00statgoog_0428.png"; bbox 0 0 2959 4659; ppageno 0'>
   <div class='ocr_carea' id='block_1_1' title="bbox 264 556 924 622">
    <p class='ocr_par' dir='ltr' id='par_1_1' title="bbox 264 556 924 622">
     <span class='ocr_line' id='line_1_1' title="bbox 264 556 924 622; baseline 0 -11"><span class='ocrx_word' id='word_1_1' title='bbox 264 556 332 622; x_wconf 78' lang='lat'>314</span> <span class='ocrx_word' id='word_1_2' title='bbox 628 558 657 611; x_wconf 94' lang='grc' dir='ltr'>Ρ.</span> <span class='ocrx_word' id='word_1_3' title='bbox 677 557 801 611; x_wconf 88' lang='lat' dir='ltr'><strong>PAPINI</strong></span> <span class='ocrx_word' id='word_1_4' title='bbox 820 556 924 611; x_wconf 87' lang='lat' dir='ltr'><strong>STATI</strong></span> 
     </span>
    </p>
   </div>
   <div class='ocr_carea' id='block_1_2' title="bbox 261 720 1288 2498">
    <p class='ocr_par' dir='ltr' id='par_1_2' title="bbox 266 720 1210 806">
     <span class='ocr_line' id='line_1_2' title="bbox 266 720 1210 806; baseline 0 -20"><span class='ocrx_word' id='word_1_5' title='bbox 266 725 298 785; x_wconf 88' lang='lat' dir='ltr'>et</span> <span class='ocrx_word' id='word_1_6' title='bbox 321 726 505 806; x_wconf 87' lang='lat' dir='ltr'>poscentem</span> <span class='ocrx_word' id='word_1_7' title='bbox 529 721 638 785; x_wconf 89' lang='lat' dir='ltr'>hastas</span> <span class='ocrx_word' id='word_1_8' title='bbox 661 721 829 806; x_wconf 90' lang='lat' dir='ltr'>mediaque</span> <span class='ocrx_word' id='word_1_9' title='bbox 853 720 887 783; x_wconf 93' lang='lat' dir='ltr'>in</span> <span class='ocrx_word' id='word_1_10' title='bbox 910 724 1014 786; x_wconf 88' lang='lat' dir='ltr'>morte</span> <span class='ocrx_word' id='word_1_11' title='bbox 1036 724 1210 806; x_wconf 77' lang='lat' dir='ltr'>negantem</span> 
     </span>
    </p>

    <p class='ocr_par' dir='ltr' id='par_1_3' title="bbox 265 809 1288 895">
     <span class='ocr_line' id='line_1_3' title="bbox 265 809 1288 895; baseline 0.001 -20"><span class='ocrx_word' id='word_1_12' title='bbox 265 812 426 894; x_wconf 83' lang='lat' dir='ltr'>exspirare</span> <span class='ocrx_word' id='word_1_13' title='bbox 448 810 590 893; x_wconf 90' lang='lat' dir='ltr'>trahunt,</span> <span class='ocrx_word' id='word_1_14' title='bbox 614 811 794 893; x_wconf 80' lang='lat' dir='ltr'>summique</span> <span class='ocrx_word' id='word_1_15' title='bbox 817 811 851 873; x_wconf 95' lang='lat' dir='ltr'>in</span> <span class='ocrx_word' id='word_1_16' title='bbox 874 809 1018 895; x_wconf 82' lang='lat' dir='ltr'>margine</span> <span class='ocrx_word' id='word_1_17' title='bbox 1041 811 1147 893; x_wconf 89' lang='lat' dir='ltr'>campi</span> <span class='ocrx_word' id='word_1_18' title='bbox 1233 827 1288 876; x_wconf 84' lang='grc'>730</span> 
     </span>
    </p>

    <p class='ocr_par' dir='ltr' id='par_1_4' title="bbox 263 898 1032 985">
     <span class='ocr_line' id='line_1_4' title="bbox 263 898 1032 985; baseline -0.003 -21"><span class='ocrx_word' id='word_1_19' title='bbox 263 900 412 964; x_wconf 80' lang='lat' dir='ltr'>effidtum</span> <span class='ocrx_word' id='word_1_20' title='bbox 436 900 563 985; x_wconf 91' lang='lat' dir='ltr'>gemina</span> <span class='ocrx_word' id='word_1_21' title='bbox 585 899 687 963; x_wconf 89' lang='lat' dir='ltr'>latera</span> <span class='ocrx_word' id='word_1_22' title='bbox 709 898 897 963; x_wconf 76' lang='lat' dir='ltr'>inclinantia</span> <span class='ocrx_word' id='word_1_23' title='bbox 919 921 1032 982; x_wconf 91' lang='lat' dir='ltr'>parma</span> 
     </span>
    </p>

    <p class='ocr_par' dir='ltr' id='par_1_5' title="bbox 263 987 1120 1073">
     <span class='ocr_line' id='line_1_5' title="bbox 263 987 1120 1073; baseline -0.001 -21"><span class='ocrx_word' id='word_1_24' title='bbox 263 992 399 1073; x_wconf 91' lang='lat' dir='ltr'>ponunt,</span> <span class='ocrx_word' id='word_1_25' title='bbox 422 1011 459 1052; x_wconf 90' lang='lat' dir='ltr'>ac</span> <span class='ocrx_word' id='word_1_26' title='bbox 482 989 569 1052; x_wconf 82' lang='lat' dir='ltr'>saevi</span> <span class='ocrx_word' id='word_1_27' title='bbox 591 988 772 1052; x_wconf 90' lang='lat' dir='ltr'>rediturum</span> <span class='ocrx_word' id='word_1_28' title='bbox 795 987 836 1051; x_wconf 94' lang='lat' dir='ltr'>ad</span> <span class='ocrx_word' id='word_1_29' title='bbox 858 988 982 1072; x_wconf 89' lang='lat' dir='ltr'>proelia</span> <span class='ocrx_word' id='word_1_30' title='bbox 1005 988 1120 1052; x_wconf 88' lang='lat' dir='ltr'>Martis</span> 
     </span>
    </p>

    <p class='ocr_par' dir='ltr' id='par_1_6' title="bbox 263 1076 1170 1162">
     <span class='ocr_line' id='line_1_6' title="bbox 263 1076 1170 1162; baseline 0.002 -21"><span class='ocrx_word' id='word_1_31' title='bbox 263 1079 459 1162; x_wconf 90' lang='lat' dir='ltr'>promittunt</span> <span class='ocrx_word' id='word_1_32' title='bbox 482 1078 604 1142; x_wconf 87' lang='lat' dir='ltr'>flentes.</span> <span class='ocrx_word' id='word_1_33' title='bbox 651 1078 706 1141; x_wconf 92' lang='lat' dir='ltr'>sed</span> <span class='ocrx_word' id='word_1_34' title='bbox 730 1080 762 1141; x_wconf 91' lang='lat' dir='ltr'>et</span> <span class='ocrx_word' id='word_1_35' title='bbox 785 1076 853 1162; x_wconf 89' lang='lat' dir='ltr'>ipse</span> <span class='ocrx_word' id='word_1_36' title='bbox 876 1077 1022 1141; x_wconf 84' lang='lat' dir='ltr'>recedere</span> <span class='ocrx_word' id='word_1_37' title='bbox 1046 1078 1170 1143; x_wconf 92' lang='lat' dir='ltr'>caelum</span> 
     </span>
    </p>

    <p class='ocr_par' dir='ltr' id='par_1_7' title="bbox 263 1166 1021 1252">
     <span class='ocr_line' id='line_1_7' title="bbox 263 1166 1021 1252; baseline 0 -22"><span class='ocrx_word' id='word_1_38' title='bbox 263 1167 474 1252; x_wconf 80' lang='lat' dir='ltr'>ingentesque</span> <span class='ocrx_word' id='word_1_39' title='bbox 498 1167 621 1231; x_wconf 89' lang='lat' dir='ltr'>animos</span> <span class='ocrx_word' id='word_1_40' title='bbox 644 1170 787 1231; x_wconf 82' lang='lat' dir='ltr'>extremo</span> <span class='ocrx_word' id='word_1_41' title='bbox 810 1166 932 1251; x_wconf 85' lang='lat' dir='ltr'>frigore</span> <span class='ocrx_word' id='word_1_42' title='bbox 955 1166 1021 1231; x_wconf 90' lang='lat' dir='ltr'>labi</span> 
     </span>
    </p>

    <p class='ocr_par' dir='ltr' id='par_1_8' title="bbox 263 1255 1288 1339">
     <span class='ocr_line' id='line_1_8' title="bbox 263 1255 1288 1339; baseline 0.002 -20"><span class='ocrx_word' id='word_1_43' title='bbox 263 1258 374 1339; x_wconf 89' lang='lat' dir='ltr'>sensit,</span> <span class='ocrx_word' id='word_1_44' title='bbox 396 1261 429 1321; x_wconf 93' lang='lat' dir='ltr'>et</span> <span class='ocrx_word' id='word_1_45' title='bbox 451 1256 581 1319; x_wconf 88' lang='lat' dir='ltr'>innixus</span> <span class='ocrx_word' id='word_1_46' title='bbox 604 1259 707 1320; x_wconf 84' lang='lat' dir='ltr'>terrae</span> <span class='ocrx_word' id='word_1_47' title='bbox 731 1255 949 1319; x_wconf 77' lang='lat' dir='ltr'>‘miserescite&#39;</span> <span class='ocrx_word' id='word_1_48' title='bbox 975 1256 1099 1338; x_wconf 88' lang='lat' dir='ltr'>clamat,</span> <span class='ocrx_word' id='word_1_49' title='bbox 1232 1272 1288 1321; x_wconf 77' lang='lat'>735</span> 
     </span>
    </p>

    <p class='ocr_par' dir='ltr' id='par_1_9' title="bbox 265 1342 1174 1429">
     <span class='ocr_line' id='line_1_9' title="bbox 265 1342 1174 1429; baseline 0.001 -21"><span class='ocrx_word' id='word_1_50' title='bbox 265 1342 460 1410; x_wconf 81' lang='lat' dir='ltr'>‘Inachidaez</span> <span class='ocrx_word' id='word_1_51' title='bbox 483 1367 549 1409; x_wconf 93' lang='lat' dir='ltr'>non</span> <span class='ocrx_word' id='word_1_52' title='bbox 573 1366 645 1409; x_wconf 89' lang='lat' dir='ltr'>ossa</span> <span class='ocrx_word' id='word_1_53' title='bbox 667 1365 782 1429; x_wconf 88' lang='lat' dir='ltr'>precor</span> <span class='ocrx_word' id='word_1_54' title='bbox 804 1345 984 1408; x_wconf 85' lang='lat' dir='ltr'>referantur</span> <span class='ocrx_word' id='word_1_55' title='bbox 1006 1348 1043 1408; x_wconf 93' lang='lat' dir='ltr'>ut</span> <span class='ocrx_word' id='word_1_56' title='bbox 1067 1342 1174 1429; x_wconf 86' lang='lat' dir='ltr'>Argos</span> 
     </span>
    </p>

    <p class='ocr_par' dir='ltr' id='par_1_10' title="bbox 263 1431 1151 1518">
     <span class='ocr_line' id='line_1_10' title="bbox 263 1431 1151 1518; baseline 0.001 -21"><span class='ocrx_word' id='word_1_57' title='bbox 263 1431 456 1499; x_wconf 83' lang='lat' dir='ltr'>Aetolumve</span> <span class='ocrx_word' id='word_1_58' title='bbox 479 1433 591 1518; x_wconf 73' lang='lat' dir='ltr'>larem,</span> <span class='ocrx_word' id='word_1_59' title='bbox 615 1455 674 1498; x_wconf 92' lang='lat' dir='ltr'>nec</span> <span class='ocrx_word' id='word_1_60' title='bbox 697 1434 783 1498; x_wconf 92' lang='lat' dir='ltr'>enim</span> <span class='ocrx_word' id='word_1_61' title='bbox 805 1432 885 1497; x_wconf 91' lang='lat' dir='ltr'>mihi</span> <span class='ocrx_word' id='word_1_62' title='bbox 909 1454 986 1498; x_wconf 91' lang='lat' dir='ltr'>cura</span> <span class='ocrx_word' id='word_1_63' title='bbox 1009 1435 1151 1516; x_wconf 90' lang='lat' dir='ltr'>supremi</span> 
     </span>
    </p>

    <p class='ocr_par' dir='ltr' id='par_1_11' title="bbox 262 1521 1230 1607">
     <span class='ocr_line' id='line_1_11' title="bbox 262 1521 1230 1607; baseline 0.001 -20"><span class='ocrx_word' id='word_1_64' title='bbox 262 1523 397 1588; x_wconf 89' lang='lat' dir='ltr'>funeris:</span> <span class='ocrx_word' id='word_1_65' title='bbox 422 1522 475 1587; x_wconf 92' lang='lat' dir='ltr'>odi</span> <span class='ocrx_word' id='word_1_66' title='bbox 499 1528 587 1587; x_wconf 85' lang='lat' dir='ltr'>artus</span> <span class='ocrx_word' id='word_1_67' title='bbox 611 1521 824 1607; x_wconf 82' lang='lat' dir='ltr'>fragilemque</span> <span class='ocrx_word' id='word_1_68' title='bbox 847 1521 934 1586; x_wconf 91' lang='lat' dir='ltr'>hunc</span> <span class='ocrx_word' id='word_1_69' title='bbox 957 1522 1101 1605; x_wconf 91' lang='lat' dir='ltr'>corporis</span> <span class='ocrx_word' id='word_1_70' title='bbox 1124 1546 1230 1607; x_wconf 91' lang='lat' dir='ltr'>usum,</span> 
     </span>
    </p>

    <p class='ocr_par' dir='ltr' id='par_1_12' title="bbox 264 1611 1210 1696">
     <span class='ocr_line' id='line_1_12' title="bbox 264 1611 1210 1696; baseline 0.002 -21"><span class='ocrx_word' id='word_1_71' title='bbox 264 1611 460 1676; x_wconf 87' lang='lat' dir='ltr'>desertorem</span> <span class='ocrx_word' id='word_1_72' title='bbox 483 1612 590 1676; x_wconf 88' lang='lat' dir='ltr'>animi.</span> <span class='ocrx_word' id='word_1_73' title='bbox 636 1614 742 1695; x_wconf 88' lang='lat' dir='ltr'>caput,</span> <span class='ocrx_word' id='word_1_74' title='bbox 766 1633 784 1675; x_wconf 99' lang='lat' dir='ltr'>o</span> <span class='ocrx_word' id='word_1_75' title='bbox 809 1615 913 1694; x_wconf 90' lang='lat' dir='ltr'>caput,</span> <span class='ocrx_word' id='word_1_76' title='bbox 938 1632 965 1689; x_wconf 55' lang='lat' dir='ltr'>o⁸</span> <span class='ocrx_word' id='word_1_77' title='bbox 980 1611 1060 1676; x_wconf 90' lang='lat' dir='ltr'>mihi</span> <span class='ocrx_word' id='word_1_78' title='bbox 1084 1612 1112 1675; x_wconf 92' lang='lat' dir='ltr'>si</span> <span class='ocrx_word' id='word_1_79' title='bbox 1137 1613 1210 1696; x_wconf 87' lang='lat' dir='ltr'>quis</span> 
     </span>
    </p>

    <p class='ocr_par' dir='ltr' id='par_1_13' title="bbox 261 1699 1287 1785">
     <span class='ocr_line' id='line_1_13' title="bbox 261 1699 1287 1785; baseline 0.004 -21"><span class='ocrx_word' id='word_1_80' title='bbox 261 1701 420 1784; x_wconf 84' lang='lat' dir='ltr'>adportet,</span> <span class='ocrx_word' id='word_1_81' title='bbox 443 1700 635 1785; x_wconf 84' lang='lat' dir='ltr'>Melanippa,</span> <span class='ocrx_word' id='word_1_82' title='bbox 658 1703 764 1764; x_wconf 87' lang='lat' dir='ltr'>tuum!</span> <span class='ocrx_word' id='word_1_83' title='bbox 787 1723 862 1764; x_wconf 90' lang='lat' dir='ltr'>nam</span> <span class='ocrx_word' id='word_1_84' title='bbox 884 1699 1023 1763; x_wconf 82' lang='lat' dir='ltr'>volveris</span> <span class='ocrx_word' id='word_1_85' title='bbox 1047 1702 1142 1785; x_wconf 85' lang='lat' dir='ltr'>arvis,</span> <span class='ocrx_word' id='word_1_86' title='bbox 1232 1719 1287 1768; x_wconf 87' lang='grc'>740</span> 
     </span>
    </p>

    <p class='ocr_par' dir='ltr' id='par_1_14' title="bbox 265 1788 1111 1875">
     <span class='ocr_line' id='line_1_14' title="bbox 265 1788 1111 1875; baseline 0.002 -22"><span class='ocrx_word' id='word_1_87' title='bbox 265 1789 330 1854; x_wconf 88' lang='lat' dir='ltr'>fido</span> <span class='ocrx_word' id='word_1_88' title='bbox 354 1790 510 1875; x_wconf 86' lang='lat' dir='ltr'>equidem,</span> <span class='ocrx_word' id='word_1_89' title='bbox 533 1811 593 1855; x_wconf 91' lang='lat' dir='ltr'>nec</span> <span class='ocrx_word' id='word_1_90' title='bbox 615 1812 665 1854; x_wconf 91' lang='lat' dir='ltr'>me</span> <span class='ocrx_word' id='word_1_91' title='bbox 687 1789 792 1853; x_wconf 79' lang='lat' dir='ltr'>virtus</span> <span class='ocrx_word' id='word_1_92' title='bbox 816 1810 964 1873; x_wconf 89' lang='lat' dir='ltr'>suprema</span> <span class='ocrx_word' id='word_1_93' title='bbox 986 1788 1111 1855; x_wconf 84' lang='lat' dir='ltr'>fefellit.</span> 
     </span>
    </p>

    <p class='ocr_par' dir='ltr' id='par_1_15' title="bbox 263 1878 1159 1964">
     <span class='ocr_line' id='line_1_15' title="bbox 263 1878 1159 1964; baseline 0.001 -22"><span class='ocrx_word' id='word_1_94' title='bbox 263 1880 283 1960; x_wconf 89' lang='lat' dir='ltr'>i,</span> <span class='ocrx_word' id='word_1_95' title='bbox 306 1901 429 1964; x_wconf 89' lang='lat' dir='ltr'>precor,</span> <span class='ocrx_word' id='word_1_96' title='bbox 452 1878 545 1944; x_wconf 88' lang='lat' dir='ltr'>Atrei</span> <span class='ocrx_word' id='word_1_97' title='bbox 569 1879 597 1943; x_wconf 90' lang='lat' dir='ltr'>si</span> <span class='ocrx_word' id='word_1_98' title='bbox 621 1878 700 1962; x_wconf 94' lang='lat' dir='ltr'>quid</span> <span class='ocrx_word' id='word_1_99' title='bbox 721 1878 784 1941; x_wconf 89' lang='lat' dir='ltr'>tibi</span> <span class='ocrx_word' id='word_1_100' title='bbox 808 1878 974 1963; x_wconf 89' lang='lat' dir='ltr'>sanguinis</span> <span class='ocrx_word' id='word_1_101' title='bbox 998 1900 1159 1963; x_wconf 90' lang='lat' dir='ltr'>umquam,</span> 
     </span>
    </p>

    <p class='ocr_par' dir='ltr' id='par_1_16' title="bbox 262 1966 1154 2053">
     <span class='ocr_line' id='line_1_16' title="bbox 262 1966 1154 2053; baseline -0.001 -20"><span class='ocrx_word' id='word_1_102' title='bbox 262 1968 499 2053; x_wconf 93' lang='lat' dir='ltr'>Hippomedon,</span> <span class='ocrx_word' id='word_1_103' title='bbox 522 1968 611 2049; x_wconf 87' lang='lat' dir='ltr'>vade,</span> <span class='ocrx_word' id='word_1_104' title='bbox 634 1990 653 2030; x_wconf 95' lang='lat' dir='ltr'>o</span> <span class='ocrx_word' id='word_1_105' title='bbox 676 1968 790 2050; x_wconf 86' lang='lat' dir='ltr'>primis</span> <span class='ocrx_word' id='word_1_106' title='bbox 813 1990 894 2050; x_wconf 91' lang='lat' dir='ltr'>puer</span> <span class='ocrx_word' id='word_1_107' title='bbox 917 1966 1036 2051; x_wconf 83' lang='lat' dir='ltr'>inclyte</span> <span class='ocrx_word' id='word_1_108' title='bbox 1059 1966 1154 2032; x_wconf 90' lang='lat' dir='ltr'>bellis</span> 
     </span>
    </p>

    <p class='ocr_par' dir='ltr' id='par_1_17' title="bbox 261 2054 1286 2230">
     <span class='ocr_line' id='line_1_17' title="bbox 261 2054 1215 2143; baseline 0 -21"><span class='ocrx_word' id='word_1_109' title='bbox 261 2055 373 2142; x_wconf 84' lang='lat' dir='ltr'>Arcas,</span> <span class='ocrx_word' id='word_1_110' title='bbox 397 2063 429 2122; x_wconf 91' lang='lat' dir='ltr'>et</span> <span class='ocrx_word' id='word_1_111' title='bbox 450 2056 623 2143; x_wconf 89' lang='lat' dir='ltr'>Argolicae</span> <span class='ocrx_word' id='word_1_112' title='bbox 647 2054 798 2139; x_wconf 79' lang='lat' dir='ltr'>Capaneu</span> <span class='ocrx_word' id='word_1_113' title='bbox 820 2057 885 2119; x_wconf 91' lang='lat' dir='ltr'>iam</span> <span class='ocrx_word' id='word_1_114' title='bbox 909 2056 1045 2121; x_wconf 86' lang='lat' dir='ltr'>maxime</span> <span class='ocrx_word' id='word_1_115' title='bbox 1068 2059 1215 2122; x_wconf 85' lang='lat' dir='ltr'>turmae&#39;</span> 
     </span>
     <span class='ocr_line' id='line_1_18' title="bbox 329 2146 1286 2230; baseline 0.001 -19"><span class='ocrx_word' id='word_1_116' title='bbox 329 2147 410 2211; x_wconf 93' lang='lat' dir='ltr'>moti</span> <span class='ocrx_word' id='word_1_117' title='bbox 420 2168 539 2229; x_wconf 91' lang='lat' dir='ltr'>omnes,</span> <span class='ocrx_word' id='word_1_118' title='bbox 554 2146 609 2210; x_wconf 91' lang='lat' dir='ltr'>sed</span> <span class='ocrx_word' id='word_1_119' title='bbox 624 2146 748 2230; x_wconf 90' lang='lat' dir='ltr'>primns</span> <span class='ocrx_word' id='word_1_120' title='bbox 759 2146 827 2209; x_wconf 89' lang='lat' dir='ltr'>abit</span> <span class='ocrx_word' id='word_1_121' title='bbox 841 2146 1028 2228; x_wconf 87' lang='lat' dir='ltr'>primusque</span> <span class='ocrx_word' id='word_1_122' title='bbox 1041 2151 1205 2230; x_wconf 90' lang='lat' dir='ltr'>repertum</span> <span class='ocrx_word' id='word_1_123' title='bbox 1232 2164 1286 2212; x_wconf 80' lang='grc'>745</span> 
     </span>
    </p>

    <p class='ocr_par' dir='ltr' id='par_1_18' title="bbox 262 2234 1065 2320">
     <span class='ocr_line' id='line_1_19' title="bbox 262 2234 1065 2320; baseline -0.001 -21"><span class='ocrx_word' id='word_1_124' title='bbox 262 2234 436 2300; x_wconf 88' lang='lat' dir='ltr'>Astaciden</span> <span class='ocrx_word' id='word_1_125' title='bbox 462 2235 567 2299; x_wconf 89' lang='lat' dir='ltr'>medio</span> <span class='ocrx_word' id='word_1_126' title='bbox 593 2234 759 2320; x_wconf 80' lang='lat' dir='ltr'>Capaneus</span> <span class='ocrx_word' id='word_1_127' title='bbox 783 2256 799 2297; x_wconf 89' lang='lat' dir='ltr'>e</span> <span class='ocrx_word' id='word_1_128' title='bbox 822 2236 954 2317; x_wconf 82' lang='lat' dir='ltr'>pulvere</span> <span class='ocrx_word' id='word_1_129' title='bbox 976 2234 1065 2298; x_wconf 89' lang='lat' dir='ltr'>tollit</span> 
     </span>
    </p>

    <p class='ocr_par' dir='ltr' id='par_1_19' title="bbox 262 2323 1057 2409">
     <span class='ocr_line' id='line_1_20' title="bbox 262 2323 1057 2409; baseline -0.005 -20"><span class='ocrx_word' id='word_1_130' title='bbox 262 2325 438 2409; x_wconf 88' lang='lat' dir='ltr'>spirantem</span> <span class='ocrx_word' id='word_1_131' title='bbox 461 2324 614 2408; x_wconf 85' lang='lat' dir='ltr'>laevaque</span> <span class='ocrx_word' id='word_1_132' title='bbox 638 2345 735 2407; x_wconf 89' lang='lat' dir='ltr'>super</span> <span class='ocrx_word' id='word_1_133' title='bbox 759 2323 880 2387; x_wconf 85' lang='lat' dir='ltr'>cervice</span> <span class='ocrx_word' id='word_1_134' title='bbox 904 2326 1057 2407; x_wconf 88' lang='lat' dir='ltr'>reportat,</span> 
     </span>
    </p>

    <p class='ocr_par' dir='ltr' id='par_1_20' title="bbox 262 2411 1057 2498">
     <span class='ocr_line' id='line_1_21' title="bbox 262 2411 1057 2498; baseline -0.003 -21"><span class='ocrx_word' id='word_1_135' title='bbox 262 2418 355 2498; x_wconf 89' lang='lat' dir='ltr'>terga</span> <span class='ocrx_word' id='word_1_136' title='bbox 377 2417 598 2478; x_wconf 90' lang='lat' dir='ltr'>cruentantem</span> <span class='ocrx_word' id='word_1_137' title='bbox 623 2413 769 2478; x_wconf 88' lang='lat' dir='ltr'>concussi</span> <span class='ocrx_word' id='word_1_138' title='bbox 793 2413 934 2477; x_wconf 88' lang='lat' dir='ltr'>vulneris</span> <span class='ocrx_word' id='word_1_139' title='bbox 957 2411 1057 2476; x_wconf 90' lang='lat' dir='ltr'>unda:</span> 
     </span>
    </p>
   </div>
   <div class='ocr_carea' id='block_1_3' title="bbox 335 2623 1286 2692">
    <p class='ocr_par' dir='ltr' id='par_1_21' title="bbox 335 2623 1286 2692">
     <span class='ocr_line' id='line_1_22' title="bbox 335 2623 1286 2692; baseline -0.001 -13"><span class='ocrx_word' id='word_1_140' title='bbox 335 2630 386 2679; x_wconf 96' lang='grc'>738</span> <span class='ocrx_word' id='word_1_141' title='bbox 407 2625 504 2681; x_wconf 70' lang='lat' dir='ltr'>Claud.</span> <span class='ocrx_word' id='word_1_142' title='bbox 521 2626 609 2679; x_wconf 78' lang='lat' dir='ltr'>Mara</span> <span class='ocrx_word' id='word_1_143' title='bbox 625 2625 661 2678; x_wconf 94' lang='lat' dir='ltr'>de</span> <span class='ocrx_word' id='word_1_144' title='bbox 675 2626 751 2677; x_wconf 89' lang='lat' dir='ltr'>statu</span> <span class='ocrx_word' id='word_1_145' title='bbox 767 2640 810 2676; x_wconf 86' lang='lat' dir='ltr'>an.</span> <span class='ocrx_word' id='word_1_146' title='bbox 829 2631 851 2691; x_wconf 83' lang='lat'>1,</span> <span class='ocrx_word' id='word_1_147' title='bbox 862 2627 896 2675; x_wconf 84' lang='grc'>20</span> <span class='ocrx_word' id='word_1_148' title='bbox 914 2640 971 2676; x_wconf 90' lang='lat' dir='ltr'>non</span> <span class='ocrx_word' id='word_1_149' title='bbox 986 2623 1104 2691; x_wconf 87' lang='lat' dir='ltr'>poetice,</span> <span class='ocrx_word' id='word_1_150' title='bbox 1125 2623 1175 2677; x_wconf 89' lang='lat' dir='ltr'>sed</span> <span class='ocrx_word' id='word_1_151' title='bbox 1189 2624 1286 2692; x_wconf 91' lang='lat' dir='ltr'>philo-</span> 
     </span>
    </p>
   </div>
   <div class='ocr_carea' id='block_1_4' title="bbox 261 2694 1367 2765">
    <p class='ocr_par' dir='ltr' id='par_1_22' title="bbox 261 2694 1367 2765">
     <span class='ocr_line' id='line_1_23' title="bbox 261 2694 1367 2765; baseline 0.002 -16"><span class='ocrx_word' id='word_1_152' title='bbox 261 2697 377 2765; x_wconf 89' lang='lat' dir='ltr'>sophice</span> <span class='ocrx_word' id='word_1_153' title='bbox 404 2696 540 2765; x_wconf 89' lang='lat' dir='ltr'>Papinius</span> <span class='ocrx_word' id='word_1_154' title='bbox 568 2696 621 2749; x_wconf 90' lang='lat' dir='ltr'>ait:</span> <span class='ocrx_word' id='word_1_155' title='bbox 650 2695 698 2749; x_wconf 91' lang='lat' dir='ltr'>odi</span> <span class='ocrx_word' id='word_1_156' title='bbox 771 2695 865 2748; x_wconf 90' lang='lat' dir='ltr'>animi.</span> <span class='ocrx_word' id='word_1_157' title='bbox 914 2695 1004 2764; x_wconf 68' lang='lat' dir='ltr'>Myra.</span> <span class='ocrx_word' id='word_1_158' title='bbox 1027 2694 1119 2748; x_wconf 88' lang='lat' dir='ltr'>Vatic.</span> <span class='ocrx_word' id='word_1_159' title='bbox 1146 2700 1174 2761; x_wconf 88' lang='grc'>3,</span> <span class='ocrx_word' id='word_1_160' title='bbox 1195 2700 1226 2761; x_wconf 83' lang='grc'>6,</span> <span class='ocrx_word' id='word_1_161' title='bbox 1250 2702 1285 2749; x_wconf 75' lang='grc'>27</span> <span class='ocrx_word' id='word_1_162' title='bbox 1366 2708 1367 2751; x_wconf 67' lang='lat' dir='ltr'>t</span> 
     </span>
    </p>
   </div>
   <div class='ocr_carea' id='block_1_5' title="bbox 261 2756 1367 2908">
    <p class='ocr_par' dir='ltr' id='par_1_23' title="bbox 261 2756 1367 2908">
     <span class='ocr_line' id='line_1_24' title="bbox 261 2756 1367 2836; baseline 0.001 -15"><span class='ocrx_word' id='word_1_163' title='bbox 261 2784 353 2836; x_wconf 89' lang='lat' dir='ltr'>neque</span> <span class='ocrx_word' id='word_1_164' title='bbox 376 2768 451 2822; x_wconf 90' lang='lat' dir='ltr'>enim</span> <span class='ocrx_word' id='word_1_165' title='bbox 473 2784 571 2821; x_wconf 83' lang='lat' dir='ltr'>verum</span> <span class='ocrx_word' id='word_1_166' title='bbox 593 2769 636 2820; x_wconf 89' lang='lat' dir='ltr'>est</span> <span class='ocrx_word' id='word_1_167' title='bbox 659 2768 781 2819; x_wconf 89' lang='lat' dir='ltr'>animam</span> <span class='ocrx_word' id='word_1_168' title='bbox 806 2766 932 2819; x_wconf 85' lang='lat' dir='ltr'>deserere</span> <span class='ocrx_word' id='word_1_169' title='bbox 956 2781 1068 2834; x_wconf 82' lang='lat' dir='ltr'>corpus,</span> <span class='ocrx_word' id='word_1_170' title='bbox 1097 2783 1160 2819; x_wconf 90' lang='lat' dir='ltr'>cum</span> <span class='ocrx_word' id='word_1_171' title='bbox 1184 2768 1287 2835; x_wconf 88' lang='lat' dir='ltr'>potius</span> <span class='ocrx_word' id='word_1_172' title='bbox 1366 2756 1367 2811; x_wconf 67' lang='lat' dir='ltr'>l</span> 
     </span>
     <span class='ocr_line' id='line_1_25' title="bbox 262 2836 1287 2908; baseline -0.001 -14"><span class='ocrx_word' id='word_1_173' title='bbox 262 2855 362 2908; x_wconf 87' lang='lat' dir='ltr'>corpus</span> <span class='ocrx_word' id='word_1_174' title='bbox 390 2840 512 2892; x_wconf 89' lang='lat' dir='ltr'>animam</span> <span class='ocrx_word' id='word_1_175' title='bbox 540 2839 659 2892; x_wconf 89' lang='lat' dir='ltr'>deserat.</span> <span class='ocrx_word' id='word_1_176' title='bbox 696 2838 763 2891; x_wconf 90' lang='lat' dir='ltr'>hinc</span> <span class='ocrx_word' id='word_1_177' title='bbox 787 2840 815 2890; x_wconf 86' lang='lat' dir='ltr'>et</span> <span class='ocrx_word' id='word_1_178' title='bbox 839 2836 995 2891; x_wconf 82' lang='lat' dir='ltr'>Simonides</span> <span class='ocrx_word' id='word_1_179' title='bbox 1018 2839 1103 2905; x_wconf 91' lang='lat' dir='ltr'>poeta</span> <span class='ocrx_word' id='word_1_180' title='bbox 1124 2839 1153 2891; x_wconf 87' lang='lat' dir='ltr'>et</span> <span class='ocrx_word' id='word_1_181' title='bbox 1172 2837 1287 2893; x_wconf 85' lang='lat' dir='ltr'>Statius</span> 
     </span>
    </p>
   </div>
   <div class='ocr_carea' id='block_1_6' title="bbox 260 2906 1367 2964">
    <p class='ocr_par' dir='ltr' id='par_1_24' title="bbox 260 2906 1367 2964">
     <span class='ocr_line' id='line_1_26' title="bbox 260 2906 1367 2964; baseline 0 -1"><span class='ocrx_word' id='word_1_182' title='bbox 260 2910 361 2964; x_wconf 88' lang='lat' dir='ltr'>itidem</span> <span class='ocrx_word' id='word_1_183' title='bbox 380 2911 410 2963; x_wconf 92' lang='lat' dir='ltr'>in</span> <span class='ocrx_word' id='word_1_184' title='bbox 429 2914 528 2963; x_wconf 83' lang='lat' dir='ltr'>octavo</span> <span class='ocrx_word' id='word_1_185' title='bbox 543 2909 715 2963; x_wconf 86' lang='lat' dir='ltr'>Thebaidos:</span> <span class='ocrx_word' id='word_1_186' title='bbox 736 2909 784 2963; x_wconf 94' lang='lat' dir='ltr'>odi</span> <span class='ocrx_word' id='word_1_187' title='bbox 858 2907 944 2961; x_wconf 91' lang='lat' dir='ltr'>animi</span> <span class='ocrx_word' id='word_1_188' title='bbox 1017 2913 1068 2961; x_wconf 91' lang='grc'>743</span> <span class='ocrx_word' id='word_1_189' title='bbox 1088 2910 1177 2963; x_wconf 80' lang='lat' dir='ltr'>Prisc.</span> <span class='ocrx_word' id='word_1_190' title='bbox 1193 2908 1243 2962; x_wconf 84' lang='lat' dir='ltr'>GL</span> <span class='ocrx_word' id='word_1_191' title='bbox 1259 2910 1287 2964; x_wconf 96' lang='lat' dir='ltr'>II</span> <span class='ocrx_word' id='word_1_192' title='bbox 1366 2906 1367 2945; x_wconf 68' lang='lat' dir='ltr'>l</span> 
     </span>
    </p>
   </div>
   <div class='ocr_carea' id='block_1_7' title="bbox 261 2978 1287 3107">
    <p class='ocr_par' dir='ltr' id='par_1_25' title="bbox 261 2978 1287 3107">
     <span class='ocr_line' id='line_1_27' title="bbox 261 2978 1287 3107; baseline 0.003 -73"><span class='ocrx_word' id='word_1_193' title='bbox 261 2987 323 3106; x_wconf 58' lang='grc'>3311,</span> <span class='ocrx_word' id='word_1_194' title='bbox 338 2989 370 3036; x_wconf 93' lang='grc'>11</span> <span class='ocrx_word' id='word_1_195' title='bbox 392 2986 515 3107; x_wconf 48' lang='lat' dir='ltr'>(pssopmter</span> <span class='ocrx_word' id='word_1_196' title='bbox 528 2982 682 3037; x_wconf 81' lang='lat' dir='ltr'>vocativum</span> <span class='ocrx_word' id='word_1_197' title='bbox 695 2980 837 3050; x_wconf 83' lang='lat' dir='ltr'>Capaneu)</span> <span class='ocrx_word' id='word_1_198' title='bbox 858 2979 965 3032; x_wconf 88' lang='lat' dir='ltr'>Statius</span> <span class='ocrx_word' id='word_1_199' title='bbox 984 2979 1014 3031; x_wconf 91' lang='lat' dir='ltr'>in</span> <span class='ocrx_word' id='word_1_200' title='bbox 1028 2978 1093 3033; x_wconf 90' lang='lat' dir='ltr'><strong>VIII</strong></span> <span class='ocrx_word' id='word_1_201' title='bbox 1106 2979 1287 3038; x_wconf 83' lang='lat' dir='ltr'>Thebaidos:</span> 
     </span>
     <span class='ocr_line' id='line_1_28' title="bbox 262 3069 531 3107; baseline 0.007 -2"><span class='ocrx_word' id='word_1_202' title='bbox 262 3072 277 3105; x_wconf 90' lang='lat' dir='ltr'>v</span> <span class='ocrx_word' id='word_1_203' title='bbox 317 3070 406 3107; x_wconf 91' lang='lat' dir='ltr'>eo..</span> <span class='ocrx_word' id='word_1_204' title='bbox 497 3069 531 3107; x_wconf 90' lang='lat' dir='ltr'>ae</span> 
     </span>
    </p>
   </div>
   <div class='ocr_carea' id='block_1_8' title="bbox 261 3196 1287 3603">
    <p class='ocr_par' dir='ltr' id='par_1_26' title="bbox 261 3196 1287 3603">
     <span class='ocr_line' id='line_1_29' title="bbox 689 3196 992 3235; baseline -0.007 0"><span class='ocrx_word' id='word_1_205' title='bbox 689 3196 766 3235; x_wconf 79' lang='lat' dir='ltr'>Iclina</span> <span class='ocrx_word' id='word_1_206' title='bbox 980 3206 992 3233; x_wconf 91' lang='lat' dir='ltr'>r</span> 
     </span>
     <span class='ocr_line' id='line_1_30' title="bbox 334 3246 1287 3317; baseline 0.001 -14"><span class='ocrx_word' id='word_1_207' title='bbox 334 3254 385 3303; x_wconf 90' lang='grc'>730</span> <span class='ocrx_word' id='word_1_208' title='bbox 400 3250 545 3303; x_wconf 88' lang='lat' dir='ltr'>thrauntb</span> <span class='ocrx_word' id='word_1_209' title='bbox 602 3254 651 3302; x_wconf 86' lang='grc'>731</span> <span class='ocrx_word' id='word_1_210' title='bbox 668 3247 849 3317; x_wconf 89' lang='lat' dir='ltr'>indignantia</span> <span class='ocrx_word' id='word_1_211' title='bbox 860 3246 894 3302; x_wconf 82' lang='grc' dir='ltr'>ν’</span> <span class='ocrx_word' id='word_1_212' title='bbox 942 3246 1080 3315; x_wconf 81' lang='lat' dir='ltr'>palmaP¹</span> <span class='ocrx_word' id='word_1_213' title='bbox 1136 3252 1187 3301; x_wconf 77' lang='lat'>732</span> <span class='ocrx_word' id='word_1_214' title='bbox 1203 3250 1287 3304; x_wconf 81' lang='lat' dir='ltr'>saevi</span> 
     </span>
     <span class='ocr_line' id='line_1_31' title="bbox 261 3318 1287 3389; baseline 0 -16"><span class='ocrx_word' id='word_1_215' title='bbox 261 3321 333 3389; x_wconf 87' lang='lat' dir='ltr'>(seni</span> <span class='ocrx_word' id='word_1_216' title='bbox 351 3323 387 3389; x_wconf 83' lang='grc' dir='ltr'>μ)</span> <span class='ocrx_word' id='word_1_217' title='bbox 402 3339 443 3375; x_wconf 76' lang='lat' dir='ltr'>ur:</span> <span class='ocrx_word' id='word_1_218' title='bbox 463 3320 569 3373; x_wconf 83' lang='lat' dir='ltr'>safuil’</span> <span class='ocrx_word' id='word_1_219' title='bbox 587 3322 695 3389; x_wconf 73' lang='grc' dir='ltr'>(Ἑωὶ)</span> <span class='ocrx_word' id='word_1_220' title='bbox 769 3323 819 3372; x_wconf 89' lang='grc'>733</span> <span class='ocrx_word' id='word_1_221' title='bbox 835 3321 960 3373; x_wconf 80' lang='lat' dir='ltr'>eterras</span> <span class='ocrx_word' id='word_1_222' title='bbox 1014 3318 1075 3386; x_wconf 91' lang='lat' dir='ltr'>ipse</span> <span class='ocrx_word' id='word_1_223' title='bbox 1090 3336 1130 3372; x_wconf 86' lang='lat' dir='ltr'>oo:</span> <span class='ocrx_word' id='word_1_224' title='bbox 1150 3319 1250 3387; x_wconf 88' lang='lat' dir='ltr'>ipsum</span> <span class='ocrx_word' id='word_1_225' title='bbox 1265 3328 1287 3373; x_wconf 77' lang='grc' dir='ltr'><strong>Ρ</strong></span> 
     </span>
     <span class='ocr_line' id='line_1_32' title="bbox 262 3388 1227 3463; baseline -0.003 -17"><span class='ocrx_word' id='word_1_226' title='bbox 262 3397 313 3446; x_wconf 90' lang='grc'>737</span> <span class='ocrx_word' id='word_1_227' title='bbox 337 3393 401 3463; x_wconf 61' lang='lat' dir='ltr'>aa}</span> <span class='ocrx_word' id='word_1_228' title='bbox 423 3392 510 3445; x_wconf 89' lang='lat' dir='ltr'>larem</span> <span class='ocrx_word' id='word_1_229' title='bbox 533 3390 576 3460; x_wconf 88' lang='lat' dir='ltr'>(-l)</span> <span class='ocrx_word' id='word_1_230' title='bbox 599 3396 612 3443; x_wconf 83' lang='grc'>1</span> <span class='ocrx_word' id='word_1_231' title='bbox 674 3406 805 3459; x_wconf 88' lang='lat' dir='ltr'>suprema</span> <span class='ocrx_word' id='word_1_232' title='bbox 827 3389 863 3442; x_wconf 80' lang='lat' dir='ltr'>ri</span> <span class='ocrx_word' id='word_1_233' title='bbox 886 3390 910 3441; x_wconf 82' lang='grc'>11</span> <span class='ocrx_word' id='word_1_234' title='bbox 992 3394 1043 3442; x_wconf 91' lang='grc'>738</span> <span class='ocrx_word' id='word_1_235' title='bbox 1062 3388 1179 3444; x_wconf 86' lang='lat' dir='ltr'>Fureres</span> <span class='ocrx_word' id='word_1_236' title='bbox 1199 3409 1227 3457; x_wconf 88' lang='grc' dir='ltr'>μ</span> 
     </span>
     <span class='ocr_line' id='line_1_33' title="bbox 261 3459 1287 3532; baseline 0.001 -15"><span class='ocrx_word' id='word_1_237' title='bbox 261 3469 313 3518; x_wconf 89' lang='grc'>740</span> <span class='ocrx_word' id='word_1_238' title='bbox 341 3462 502 3532; x_wconf 85' lang='lat' dir='ltr'>Melanippa</span> <span class='ocrx_word' id='word_1_239' title='bbox 528 3462 671 3517; x_wconf 74' lang='lat' dir='ltr'>Montius:</span> <span class='ocrx_word' id='word_1_240' title='bbox 699 3461 859 3530; x_wconf 90' lang='lat' dir='ltr'>menalippe</span> <span class='ocrx_word' id='word_1_241' title='bbox 882 3465 949 3514; x_wconf 75' lang='lat' dir='ltr'>Pur:</span> <span class='ocrx_word' id='word_1_242' title='bbox 977 3459 1101 3529; x_wconf 88' lang='lat' dir='ltr'>melippe</span> <span class='ocrx_word' id='word_1_243' title='bbox 1119 3466 1145 3528; x_wconf 83' lang='lat' dir='ltr'>b,</span> <span class='ocrx_word' id='word_1_244' title='bbox 1174 3463 1209 3528; x_wconf 82' lang='lat' dir='ltr'>cf.</span> <span class='ocrx_word' id='word_1_245' title='bbox 1229 3468 1287 3519; x_wconf 80' lang='lat'>718</span> 
     </span>
     <span class='ocr_line' id='line_1_34' title="bbox 316 3530 1284 3603; baseline -0.008 -15"><span class='ocrx_word' id='word_1_246' title='bbox 316 3540 365 3588; x_wconf 90' lang='grc'>741</span> <span class='ocrx_word' id='word_1_247' title='bbox 387 3550 536 3603; x_wconf 87' lang='lat' dir='ltr'>supprema</span> <span class='ocrx_word' id='word_1_248' title='bbox 554 3538 602 3592; x_wconf 75' lang='grc'>30</span> <span class='ocrx_word' id='word_1_249' title='bbox 682 3532 785 3586; x_wconf 82' lang='lat' dir='ltr'>fefellit</span> <span class='ocrx_word' id='word_1_250' title='bbox 804 3550 844 3586; x_wconf 77' lang='lat' dir='ltr'>ur:</span> <span class='ocrx_word' id='word_1_251' title='bbox 872 3530 1024 3600; x_wconf 78' lang='lat' dir='ltr'>repellit?</span> <span class='ocrx_word' id='word_1_252' title='bbox 1047 3530 1079 3601; x_wconf 80' lang='lat' dir='ltr'>(F</span> <span class='ocrx_word' id='word_1_253' title='bbox 1093 3556 1128 3579; x_wconf 69' lang='grc' dir='ltr'><strong><em>ω</em></strong></span> <span class='ocrx_word' id='word_1_254' title='bbox 1143 3532 1168 3585; x_wconf 84' lang='lat' dir='ltr'><strong>R</strong></span> <span class='ocrx_word' id='word_1_255' title='bbox 1182 3557 1219 3581; x_wconf 70' lang='grc' dir='ltr'><strong><em>ω</em></strong></span> <span class='ocrx_word' id='word_1_256' title='bbox 1235 3534 1284 3603; x_wconf 73' lang='grc' dir='ltr'>Ρ);</span> 
     </span>
    </p>
   </div>
   <div class='ocr_carea' id='block_1_9' title="bbox 258 3604 1284 4009">
    <p class='ocr_par' dir='ltr' id='par_1_27' title="bbox 268 3604 1029 3647">
     <span class='ocr_line' id='line_1_35' title="bbox 268 3604 1029 3647; baseline -0.005 0"><span class='ocrx_word' id='word_1_257' title='bbox 268 3608 292 3647; x_wconf 78' lang='lat' dir='ltr'>fa</span> <span class='ocrx_word' id='word_1_258' title='bbox 971 3604 1029 3643; x_wconf 76' lang='lat' dir='ltr'>atrei</span> 
     </span>
    </p>

    <p class='ocr_par' dir='ltr' id='par_1_28' title="bbox 258 3655 1284 4009">
     <span class='ocr_line' id='line_1_36' title="bbox 258 3655 1284 3732; baseline -0.001 -20"><span class='ocrx_word' id='word_1_259' title='bbox 258 3658 371 3732; x_wconf 55' lang='lat' dir='ltr'>{tellit</span> <span class='ocrx_word' id='word_1_260' title='bbox 380 3658 420 3711; x_wconf 71' lang='lat'>11⁰</span> <span class='ocrx_word' id='word_1_261' title='bbox 474 3664 525 3711; x_wconf 80' lang='grc'>742</span> <span class='ocrx_word' id='word_1_262' title='bbox 536 3658 608 3713; x_wconf 86' lang='lat' dir='ltr'>atrei</span> <span class='ocrx_word' id='word_1_263' title='bbox 617 3657 751 3711; x_wconf 58' lang='lat' dir='ltr'>nvom:</span> <span class='ocrx_word' id='word_1_264' title='bbox 762 3656 870 3710; x_wconf 83' lang='lat' dir='ltr'>arcadii</span> <span class='ocrx_word' id='word_1_265' title='bbox 879 3656 951 3715; x_wconf 63' lang='lat'>13¹0:</span> <span class='ocrx_word' id='word_1_266' title='bbox 963 3655 1069 3710; x_wconf 88' lang='lat' dir='ltr'>arcadii</span> <span class='ocrx_word' id='word_1_267' title='bbox 1083 3656 1120 3709; x_wconf 77' lang='lat'>1²:</span> <span class='ocrx_word' id='word_1_268' title='bbox 1141 3657 1284 3727; x_wconf 74' lang='lat' dir='ltr'>argiviH:</span> 
     </span>
     <span class='ocr_line' id='line_1_37' title="bbox 259 3728 1282 3801; baseline 0 -16"><span class='ocrx_word' id='word_1_269' title='bbox 259 3731 346 3801; x_wconf 84' lang='lat' dir='ltr'>Argei</span> <span class='ocrx_word' id='word_1_270' title='bbox 360 3731 496 3786; x_wconf 75' lang='lat' dir='ltr'>Schrader</span> <span class='ocrx_word' id='word_1_271' title='bbox 512 3732 604 3797; x_wconf 81' lang='lat' dir='ltr'>forma</span> <span class='ocrx_word' id='word_1_272' title='bbox 617 3747 674 3784; x_wconf 77' lang='lat' dir='ltr'>aon</span> <span class='ocrx_word' id='word_1_273' title='bbox 688 3729 826 3793; x_wconf 75' lang='lat' dir='ltr'>Statinae,</span> <span class='ocrx_word' id='word_1_274' title='bbox 846 3730 880 3795; x_wconf 80' lang='lat' dir='ltr'>cf.</span> <span class='ocrx_word' id='word_1_275' title='bbox 895 3728 924 3783; x_wconf 88' lang='lat'>0.</span> <span class='ocrx_word' id='word_1_276' title='bbox 940 3728 1053 3793; x_wconf 69' lang='lat' dir='ltr'>Mamer,</span> <span class='ocrx_word' id='word_1_277' title='bbox 1069 3728 1160 3783; x_wconf 79' lang='lat' dir='ltr'>Woch.</span> <span class='ocrx_word' id='word_1_278' title='bbox 1170 3730 1193 3795; x_wconf 87' lang='lat' dir='ltr'>f.</span> <span class='ocrx_word' id='word_1_279' title='bbox 1203 3730 1282 3785; x_wconf 74' lang='lat' dir='ltr'>Pau.</span> 
     </span>
     <span class='ocr_line' id='line_1_38' title="bbox 258 3798 1282 3872; baseline -0.002 -14"><span class='ocrx_word' id='word_1_280' title='bbox 258 3807 408 3871; x_wconf 75' lang='lat'><em>20(1903)</em></span> <span class='ocrx_word' id='word_1_281' title='bbox 424 3821 454 3872; x_wconf 81' lang='lat' dir='ltr'>p.</span> <span class='ocrx_word' id='word_1_282' title='bbox 470 3807 525 3856; x_wconf 83' lang='lat'>196</span> <span class='ocrx_word' id='word_1_283' title='bbox 606 3806 657 3853; x_wconf 91' lang='grc'>743</span> <span class='ocrx_word' id='word_1_284' title='bbox 680 3801 751 3855; x_wconf 88' lang='lat' dir='ltr'>vade</span> <span class='ocrx_word' id='word_1_285' title='bbox 775 3819 815 3853; x_wconf 79' lang='lat' dir='ltr'>or:</span> <span class='ocrx_word' id='word_1_286' title='bbox 843 3798 905 3852; x_wconf 83' lang='lat' dir='ltr'>vale</span> <span class='ocrx_word' id='word_1_287' title='bbox 928 3805 948 3851; x_wconf 78' lang='grc' dir='ltr'><strong><em>Ρ</em></strong></span> <span class='ocrx_word' id='word_1_288' title='bbox 1026 3804 1077 3852; x_wconf 88' lang='grc'>744</span> <span class='ocrx_word' id='word_1_289' title='bbox 1101 3816 1230 3868; x_wconf 88' lang='lat' dir='ltr'>capaneu</span> <span class='ocrx_word' id='word_1_290' title='bbox 1252 3820 1282 3856; x_wconf 87' lang='grc' dir='ltr'>ω</span> 
     </span>
     <span class='ocr_line' id='line_1_39' title="bbox 259 3869 1225 3931; baseline -0.008 0"><span class='ocrx_word' id='word_1_291' title='bbox 259 3876 360 3931; x_wconf 68' lang='lat' dir='ltr'>Prae:</span> <span class='ocrx_word' id='word_1_292' title='bbox 380 3878 500 3927; x_wconf 81' lang='lat' dir='ltr'>-neusl’</span> <span class='ocrx_word' id='word_1_293' title='bbox 573 3878 624 3924; x_wconf 80' lang='grc'>743</span> <span class='ocrx_word' id='word_1_294' title='bbox 644 3871 714 3925; x_wconf 90' lang='lat' dir='ltr'>Moti</span> <span class='ocrx_word' id='word_1_295' title='bbox 733 3889 767 3927; x_wconf 82' lang='lat' dir='ltr'>ex</span> <span class='ocrx_word' id='word_1_296' title='bbox 785 3871 878 3925; x_wconf 87' lang='lat' dir='ltr'>Motae</span> <span class='ocrx_word' id='word_1_297' title='bbox 897 3876 944 3924; x_wconf 70' lang='lat'>1⁰</span> <span class='ocrx_word' id='word_1_298' title='bbox 999 3869 1059 3923; x_wconf 81' lang='lat' dir='ltr'>abIt</span> <span class='ocrx_word' id='word_1_299' title='bbox 1077 3887 1117 3924; x_wconf 72' lang='lat' dir='ltr'>or:</span> <span class='ocrx_word' id='word_1_300' title='bbox 1138 3870 1186 3925; x_wconf 84' lang='lat' dir='ltr'>-iir</span> <span class='ocrx_word' id='word_1_301' title='bbox 1203 3878 1225 3923; x_wconf 81' lang='lat' dir='ltr'>P</span> 
     </span>
     <span class='ocr_line' id='line_1_40' title="bbox 258 3943 613 4009; baseline -0.014 -9"><span class='ocrx_word' id='word_1_302' title='bbox 258 3951 311 4000; x_wconf 88' lang='grc'>748</span> <span class='ocrx_word' id='word_1_303' title='bbox 331 3945 554 4009; x_wconf 74' lang='lat' dir='ltr'>cruentantatem</span> <span class='ocrx_word' id='word_1_304' title='bbox 573 3943 613 3995; x_wconf 70' lang='lat'>11⁰</span> 
     </span>
    </p>
   </div>
   <div class='ocr_carea' id='block_1_10' title="bbox 1114 4155 1289 4261">
    <p class='ocr_par' dir='ltr' id='par_1_29' title="bbox 1114 4155 1289 4261">
     <span class='ocr_line' id='line_1_41' title="bbox 1114 4155 1289 4261; baseline 0.011 -1"><span class='ocrx_word' id='word_1_305' title='bbox 1114 4155 1289 4261; x_wconf 55' lang='lat' dir='ltr'>,A</span> 
     </span>
    </p>
   </div>
   <div class='ocr_carea' id='block_1_11' title="bbox 0 0 1484 4659">
    <p class='ocr_par' dir='ltr' id='par_1_30' title="bbox 0 0 1484 4659">
     <span class='ocr_line' id='line_1_42' title="bbox 0 0 1484 4659; baseline 0 1"><span class='ocrx_word' id='word_1_306' title='bbox 0 0 1484 4659; x_wconf 95' lang='lat' dir='ltr'> </span> 
     </span>
    </p>
   </div>
  </div>
 </body>
</html>
