2959 4659
485 563 654 619 EDITORIS
673 564 879 619 PRAEFATIO
1067 563 1194 619 XXXVII

164 756 229 794 non
249 736 316 795 solo
331 734 495 811 exemplari
510 733 654 810 adhibito,
673 734 725 793 sed
740 734 832 793 etiam
846 735 906 793 elio
920 735 1007 808 libro,
1027 735 1062 794 of.
1080 736 1109 809 9,
1121 737 1193 795 741.

165 827 245 884 866.
260 827 336 883 872.
352 824 427 883 879.
449 828 500 898 10,
515 826 588 883 367.

235 916 410 992 fragmenta
428 914 577 989 quaedam
591 913 834 986 Monacensis,
853 933 890 972 ue
908 913 979 989 quid
999 916 1132 974 omisisse
1150 918 1192 974 vi·

165 1005 305 1079 deamnr,
319 1005 451 1063 breviter
469 1004 519 1061 hic
532 1005 731 1080 perstringere
746 1003 843 1061 liceat.
877 1023 947 1063 nam
961 1003 990 1061 iu
1007 1004 1116 1064 codicis
1131 1006 1193 1064 Mo-

165 1096 308 1153 nacensis
331 1094 384 1151 let
406 1095 519 1152 11309
543 1095 718 1169 tegumento
741 1094 883 1151 interiore
907 1094 1129 1171 agglutinatum
1148 1098 1194 1154 est

167 1204 265 1241 unum
279 1182 389 1242 folium
404 1181 531 1240 duemm
546 1182 761 1256 columnarum,
777 1181 884 1258 quibus
900 1184 1005 1257 scripti
1019 1187 1088 1242 suut
1102 1183 1192 1243 Theb.

169 1278 199 1345 1,
211 1272 382 1331 226-268
402 1274 433 1329 61
449 1275 477 1346 1,
488 1273 664 1330 451-494.
693 1272 763 1329 hinc
778 1273 922 1347 exprimo
938 1272 1064 1331 adicuius
1083 1273 1192 1333 codicis

167 1364 372 1436 quaternione
387 1379 522 1421 eversam
537 1363 715 1435 scripturam
729 1361 812 1419 tertii
826 1361 901 1435 folii,
915 1365 1024 1420 rectem
1041 1362 1116 1421 sexti
1130 1380 1193 1421 esse

167 1454 322 1509 servatam
342 1452 543 1527 cognoscitur,
562 1452 588 1509 si
603 1450 724 1526 quidem
743 1450 951 1527 quadragenos
970 1453 1076 1527 quinos
1090 1470 1192 1511 versus

166 1543 198 1597 in
214 1540 344 1618 singuiis
359 1541 478 1618 paginis
493 1541 626 1599 extitisse
641 1540 791 1616 quondam
801 1540 977 1599 verisimile
992 1544 1044 1600 est.
1064 1560 1133 1599 nam
1148 1543 1193 1599 iu-

165 1632 279 1689 feriore
293 1631 429 1706 margine
445 1629 593 1705 quaedam
606 1632 701 1693 teeise
715 1631 794 1688 sunt.
814 1630 995 1689 antecedunt
1009 1632 1109 1689 autem
1124 1634 1192 1689 ente

165 1739 203 1778 ea
224 1738 306 1796 quae
324 1720 385 1797 legi
402 1723 538 1794 possunt,
557 1738 658 1779 versus
676 1720 749 1793 225,
768 1720 787 1777 i.
803 1739 826 1778 e.
848 1720 911 1777 5><
922 1720 979 1778 45:

525 1918 528 1923 .
561 1914 564 1920 ·
802 1908 805 1924 ἵ
839 1912 841 1930 j

561 1995 563 2001 .
766 1996 769 2003 .
803 2000 804 2003 ,

525 2023 527 2026 ,
561 2018 563 2024 ι
597 2027 598 2030 ,
766 2020 769 2025 ⁴
803 2022 805 2029 r

525 2078 527 2084 ,
637 2075 640 2080 ,
726 2076 729 2081 ,
767 2078 769 2081 .
803 2080 805 2085 ,
840 2074 841 2081 1

524 2137 527 2152 ;
560 2134 563 2139 ’
596 2132 599 2149 ἱ
636 2134 639 2149 3
726 2135 728 2150 ἰ
766 2134 769 2153 i
803 2136 805 2154 t
839 2133 842 2137 '

525 2161 527 2164 ·
560 2158 563 2173 1
596 2154 599 2171 1
636 2156 639 2172 2
726 2156 728 2172 1
766 2156 769 2174 t
803 2160 805 2165 ’

524 2195 527 2199 ,
560 2180 563 2198 ;
596 2177 599 2194 :
636 2179 639 2196 ἰ
725 2179 728 2197 2
767 2180 769 2198 1
803 2196 805 2201 ,
840 2179 841 2197 i

167 2272 278 2331 deinde
293 2275 325 2330 in
339 2273 449 2332 codicis
464 2216 649 2334 Mouwedsis
664 2218 840 2334 1111116812
857 2276 1005 2334 anteriore
1020 2278 1191 2353 tegumento

168 2365 277 2421 extant
291 2363 460 2439 fragmenta
475 2382 615 2422 versuum
631 2365 721 2424 Theb.
738 2367 767 2440 8,
779 2366 922 2424 95-123
934 2366 1004 2438 618,
1016 2366 1191 2439 321-349,

170 2455 204 2509 111
224 2454 389 2527 posteriore
408 2453 540 2511 eiusdem
559 2453 669 2531 codicis
690 2456 719 2527 8,
735 2456 899 2513 187—215
921 2457 951 2513 et
971 2455 999 2529 8,
1015 2456 1190 2513 232-259.

169 2560 248 2615 quae
271 2542 440 2619 fragmenta
464 2545 507 2601 sic
530 2542 680 2618 quondam
705 2546 864 2602 coniuncta
887 2544 977 2603 fuisse
1000 2543 1192 2601 menifestum

168 2633 226 2702 est,
244 2633 280 2688 111
292 2632 341 2689 hio
354 2632 495 2689 intimum
508 2632 614 2690 folium
629 2632 834 2708 quaternionis
847 2624 1003 2713 (416161),
1016 2632 1080 2691 illic
1094 2635 1191 2707 proxi·

167 2739 253 2777 mum
271 2720 402 2779 eiusdem
421 2714 577 2802 (316161)
597 2723 637 2781 sit
655 2722 834 2781 adhibitum:

591 3218 603 3256 1
630 3219 644 3256 s
716 3218 729 3257 5
757 3220 769 3257 e

173 3291 238 3330 cum
252 3292 323 3333 voro
340 3278 442 3350 partes
460 3277 581 3334 tantum
598 3278 778 3354 paginarum
797 3279 932 3335 servatae
952 3277 1020 3349 sint,
1039 3276 1102 3334 seni
1121 3275 1189 3334 deni

174 3381 273 3421 versus
290 3363 323 3421 in
341 3364 420 3423 ealce
439 3366 581 3439 cuiusque
599 3367 686 3426 recisi
704 3372 782 3425 sunt.

239 3471 315 3528 quae
334 3452 503 3530 fragmenta
523 3456 646 3513 eumad
666 3459 761 3514 artem
781 3456 916 3515 criticam
935 3454 1010 3512 nihil
1030 3453 1188 3529 adferrent,

175 3542 204 3597 in
223 3543 369 3618 apparatu
388 3544 492 3602 critico
512 3545 677 3603 omittenda
695 3545 774 3604 duxi.

239 3629 421 3691 Germanicis
440 3631 525 3691 libris
545 3633 734 3712 adiungimus

590 3758 766 3819 Batavum

240 3863 395 3924 codicem
415 3863 684 3925 Gronovienum
698 3859 885 3947 (Leidensem
907 3868 980 3940 374,
994 3866 1079 3925 nobis
1094 3859 1139 3946 g),
1157 3867 1189 3924 in
1208 3886 1229 3939 g

176 3970 231 4028 quo
245 3954 361 4013 sacerdo
375 3955 531 4014 undecimo
546 3956 628 4015 foliis
641 3958 705 4016 214
721 3956 848 4019 Thebais
863 3975 929 4019 cum
944 3955 1064 4019 scholiis
1078 3975 1096 4013 a
1110 3973 1187 4013 eom-
