2959 4659
515 584 721 639 THEBAIDOS
740 583 808 637 LIB.
822 584 868 637 lv.
1141 592 1206 659 153

121 748 153 836 6)
164 749 210 813 de
233 771 340 836 grege
359 749 539 813 transmisit
557 746 718 831 thalamis,
738 769 794 811 seu
813 748 923 831 lapsus
942 750 982 814 ab
1007 754 1101 819 astris

162 860 240 902 non
261 839 401 903 humilis
418 838 570 902 fecundat
588 858 678 902 amor
696 873 740 883 -
758 857 865 920 neque
883 837 969 902 enim
988 839 1056 924 ipse
1071 843 1203 910 deorum

163 927 302 993 arbiter
328 925 521 1014 Argolidum
544 925 694 990 thalamis
717 946 821 989 novus
846 964 899 1010 -‚
923 930 1029 1011 aspiee
1052 938 1175 999 maesta

164 1018 321 1103 agmina.
367 1038 427 1080 nos
450 1017 535 1080 ferro
559 1017 692 1079 meritas
716 1014 884 1080 excindere
907 1015 1035 1083 Thebas
1153 1040 1206 1089 aaa

164 1128 272 1171 mens
296 1104 384 1189 tulit,
406 1104 519 1169 inbelli
544 1104 598 1169 sed
621 1125 708 1169 nuno
732 1105 802 1168 sitis
827 1126 940 1187 aspera
962 1107 1029 1173 fato

166 1195 413 1277 submittitque
436 1194 559 1259 animos
583 1198 616 1258 et
638 1192 756 1258 inertia
778 1193 895 1260 robora
918 1198 1028 1280 carpit.

122 1284 212 1375 6)(15
238 1284 339 1349 fessis
362 1284 394 1347 in
419 1283 516 1347 rebus
539 1304 642 1367 opem,
666 1304 723 1346 seu
746 1281 894 1347 turbidus
917 1286 1030 1371 amnis,

167 1396 232 1439 seu
261 1371 325 1438 tibi
348 1371 443 1437 foeda
465 1372 571 1457 palus3
593 1370 677 1435 nihil
700 1371 761 1435 hao
784 1371 819 1435 in
842 1376 929 1438 sorte
951 1375 1145 1459 pudendum,

165 1463 221 1527 nil
247 1460 375 1526 humile
398 1466 459 1546 est3
484 1465 521 1525 tu
544 1482 630 1524 nuno
652 1459 769 1524 Ventis
791 1460 968 1546 pluvioque
990 1470 1114 1552 rogaris
1153 1486 1204 1534 765

167 1574 235 1636 pro
263 1549 353 1635 Iove,
375 1554 413 1615 tu
435 1550 564 1635 refugas
587 1550 671 1614 vires
696 1552 728 1613 et
750 1554 881 1633 pectora
903 1551 998 1617 bellis

170 1642 368 1705 exanimata
390 1640 491 1724 reple:
515 1639 561 1703 sio
583 1638 647 1703 hoo
669 1638 731 1702 tibi
755 1638 857 1704 sidere
881 1639 993 1707 dextro

121 1730 305 1819 lo)ereseat
324 1750 414 1794 onus.
451 1732 578 1793 tantum
596 1727 728 1792 reduoes
748 1727 802 1791 det
821 1729 948 1795 flectere
972 1753 1100 1818 gressus

168 1819 340 1904 Iuppiter,
364 1840 383 1883 o
408 1821 528 1901 quanta
550 1816 629 1882 belli
653 1816 811 1881 donabere
834 1819 964 1901 praeda!

168 1908 337 1973 Direaeos
360 1906 430 1990 tibi,
454 1906 536 1991 diva,
560 1924 672 1992 greges
695 1929 928 1992 numerumque
950 1912 1135 1995 rependam.
1152 1928 1205 1978 776

171 1997 360 2083 sanguinis,
383 2000 415 2060 et
437 2018 554 2081 magna
576 1996 668 2061 luens
692 1996 874 2082 signabitur
897 2000 972 2063 ara'

171 2088 273 2170 dixit,
298 2090 332 2149 et
356 2086 477 2149 orantis
500 2084 605 2150 media
628 2084 712 2148 inter
735 2084 898 2150 anhelitus
921 2089 1035 2154 ardens

121 2178 161 2266 75)
170 2176 279 2242 verba
302 2176 396 2259 rapit,
420 2194 579 2256 cursuque
603 2174 727 2238 animae
750 2174 838 2239 labat
861 2176 950 2240 arida
972 2179 1099 2265 lingua3

172 2265 265 2329 idem
292 2286 403 2329 omnes
426 2264 594 2348 pallorque
617 2264 705 2328 viros
728 2263 888 2347 flatusque
912 2265 1010 2332 soluti

174 2356 245 2419 oris
269 2352 379 2417 habet.
424 2351 530 2416 reddit
554 2351 692 2417 demisso
715 2351 851 2418 Lemnia
873 2353 979 2421 vultu:
1151 2376 1203 2425 775

175 2444 268 2508 ‘diva
293 2442 423 2527 quidem
446 2440 549 2524 vobis,
572 2443 633 2506 etsi
657 2441 803 2507 caelestis
827 2444 918 2529 origo
942 2450 999 2529 est,

174 2533 266 2599 unde
291 2530 375 2618 ego?
397 2530 548 2595 mortales
571 2531 697 2595 utinam
718 2529 799 2595 haut
822 2536 1023 2619 transgressa
1045 2535 1176 2601 firissem

121 2624 164 2711 7ο)
173 2621 337 2687 luctibus!
361 2620 504 2684 altriaem
526 2619 669 2684 mandati
693 2622 822 2685 semitis
846 2622 956 2688 orbam

255 2907 307 2956 757
327 2903 484 2957 transmitit
502 2921 516 2955 r
574 2902 677 2957 missus
696 2908 718 2954 1>
802 2909 853 2958 758
872 2920 950 2958 amor
969 2923 1019 2961 om.
1038 2907 1071 2974 1¹,
1096 2909 1160 2963 add.
1179 2915 1204 2961 τ’

234 2976 313 3029 enim
332 2980 421 3029 om.L
513 2977 563 3027 759
584 2974 771 3044 argolicum!
856 2982 905 3029 761
925 2976 1044 3049 inbelli}
1061 2981 1148 3049 (-s)Q

176 3087 362 3152 asperare:
382 3059 662 3151 anxia(a²irias¹a³)
682 3100 710 3135 ω
769 3081 836 3135 fatis
855 3083 883 3134 r¹
961 3090 1011 3138 762
1031 3083 1202 3140 summittit?
1295 3115 1300 3125 .

177 3171 235 3223 que
263 3159 286 3206 1²
357 3152 461 3206 inertia
488 3159 555 3207 Ρωι
584 3152 690 3207 Martia
720 3152 876 3209 Garrodius
967 3162 1018 3210 764
1045 3156 1102 3210 fida
1130 3163 1147 3209 c

178 3250 232 3297 765
257 3247 290 3295 tu
313 3248 380 3296 Ρωι
408 3242 464 3296 heu
487 3246 530 3296 bv
601 3236 734 3295 pr⁰ventis
758 3248 817 3295 1⁰:
845 3243 929 3296 undis
960 3244 1127 3312 amosias,
1154 3250 1203 3303 aad

178 3368 196 3405 a
208 3351 299 3405 venta
309 3350 437 3417 pluium
450 3351 544 3419 roqori
554 3351 693 3419 aptiseme
707 3349 810 3404 dieitur
859 3317 1011 3422 blavioque
1024 3352 1084 3406 1⁰:
1103 3352 1201 3409 fluvio-

178 3480 273 3543 quec
341 3432 441 3542 rigaris
460 3475 493 3525 1³¹
581 3479 631 3527 766
651 3473 734 3528 bellis
753 3480 785 3527 1³:
809 3474 885 3529 bello
904 3494 932 3529 ω
1019 3478 1201 3532 7671175751-

179 3584 282 3635 nater
371 3585 422 3634 aas
441 3580 568 3634 honosr
641 3557 763 3635 ''fduces
781 3582 816 3634 r¹
907 3588 958 3637 776
976 3561 1093 3650 Diroeds
1113 3586 1147 3644 a¹

179 3658 328 3723 gregresf
403 3657 453 3704 771
475 3650 625 3721 Sanguinis
645 3654 673 3705 et
690 3657 723 3706 l’:
743 3651 838 3706 Plebis
857 3656 886 3707 et
903 3654 950 3708 hie
969 3673 997 3709 ω
1058 3655 1138 3710 lucus
1158 3659 1202 3725 (ea

179 3779 275 3846 bae-l)
290 3776 336 3829 1’1:
355 3736 427 3829 lueis
441 3776 484 3829 b¹:
503 3774 583 3831 lucus
598 3793 632 3831 aa
645 3776 681 3829 -is
695 3776 735 3829 11⁰
809 3783 859 3831 776
874 3745 957 3833 habet
975 3783 996 3831 B
1050 3780 1144 3834 reddit
1158 3798 1200 3834 ωι

179 3866 305 3919 souitu
365 3865 485 3919 demisso
503 3870 591 3920 aar:
616 3866 657 3919 ‹u-
677 3884 704 3920 ω
779 3872 830 3921 ua
848 3853 943 3922 hoba
961 3855 1095 3937 lquraem
1116 3870 1147 3922 s¹

183 3978 231 4027 777
257 3975 308 4026 aut
337 3975 378 4042 (in
401 3975 592 4040 7775511616
622 3990 672 4027 om.
697 3976 738 4041 (io
762 3992 817 4029 ras.
836 3977 873 4043 1)
896 3980 1012 4042 Eheu:
1041 3942 1093 4029 int
1111 3976 1146 4033 0¹
