2959 4659
465 599 634 656 unluoms
651 600 859 656 PRAEFATIO
1070 600 1172 655 XXXV

144 772 272 847 triginta
293 774 446 847 quattuor
458 770 507 829 vel
525 771 652 848 triginta
671 772 811 847 quinque.
840 770 914 829 adde
934 770 1123 847 quodetiam
1140 772 1173 829 in

148 862 360 934 quaternionis
376 860 477 936 quarti
492 860 599 919 decimi
608 861 690 919 foliis
705 859 916 937 superstitibus
930 861 991 919 iiu
1005 860 1172 937 fragmento

149 948 355 1009 Schmitziano
369 968 479 1025 parum
493 953 632 1009 constans
642 955 687 1009 est
701 969 841 1009 numerus
849 968 995 1009 versuum.
1015 969 1091 1025 quae
1106 968 1173 1009 cum

148 1042 194 1096 ita
216 1039 286 1114 sint,
312 1040 389 1114 quiu
411 1040 581 1117 fragmenta
604 1040 755 1115 quondam
779 1058 838 1098 uno
862 1039 935 1099 folio
954 1040 1123 1098 intermisso
1142 1058 1173 1098 se

152 1129 331 1204 exceperint,
349 1149 411 1187 non
430 1132 477 1188 est
494 1128 625 1187 dubium.

218 1218 376 1277 difficilior
394 1221 493 1277 autem
514 1218 649 1293 quaestio
673 1219 805 1277 exoritur
823 1218 858 1276 de
877 1219 1053 1297 fragmentis
1070 1217 1173 1277 Mona·

153 1307 361 1382 steriensibua,
384 1327 461 1383 quae
489 1309 606 1366 saeculo
630 1307 804 1367 duodecimo
831 1307 998 1385 Deyoksius
1026 1307 1173 1367 attribuit.

154 1397 262 1457 diversi
280 1396 395 1457 codicis
414 1400 505 1472 atque
520 1397 690 1457 Werdensis
709 1416 745 1456 sa
763 1398 855 1456 fuisse
874 1399 974 1457 censet
988 1396 1174 1471 Schmitaiua,

155 1485 284 1545 Orecelio
310 1506 346 1545 ex
370 1486 472 1545 eodem
495 1486 614 1545 fluxisse
638 1486 798 1560 admodum
816 1488 881 1545 veri
903 1486 999 1547 simile
1018 1488 1071 1546 est.
1108 1505 1173 1561 per-

155 1577 267 1635 venisse
292 1578 396 1634 autem
420 1575 493 1634 folia
515 1575 570 1634 illa
588 1575 834 1635 Monasteriensia
857 1578 889 1635 iu
908 1576 1050 1652 Deycksii
1068 1594 1174 1637 manus

153 1684 205 1739 per
218 1666 352 1724 amicum
368 1664 514 1740 quendam
530 1664 812 1725 Diisseldorfiensem
829 1666 938 1726 conicit
957 1684 974 1724 a
990 1686 1050 1741 quo
1069 1667 1099 1724 et
1114 1665 1174 1725 alia

154 1754 304 1830 Deycksio
317 1755 434 1813 tradita
452 1773 515 1813 esse
529 1756 655 1813 constat.
683 1754 721 1813 ab
735 1755 792 1814 hac
806 1756 901 1833 igitur
913 1759 999 1831 parte
1014 1754 1174 1814 admodum

153 1844 319 1919 probabilis
330 1846 375 1902 est
383 1842 507 1902 Orecelii
514 1844 624 1919 opinio.
638 1847 739 1903 tamen
748 1844 1019 1921 propterDeycksii
1029 1844 1058 1902 in
1068 1844 1174 1903 descri-

153 1932 258 1992 bendis
266 1933 351 1993 foliis
362 1932 423 1992 suis
431 1933 652 2011 neglegentiam
661 1954 723 1992 rem
733 1936 766 1991 in
775 1934 890 1993 lubrico
898 1934 1011 1993 versari
1020 1953 1079 1993 non
1089 1951 1173 2010 nego.

222 2025 396 2083 accuratam
426 2024 527 2082 autem
555 2022 702 2082 rationem
731 2023 891 2082 subducere
923 2042 983 2082 non
1008 2041 1174 2099 possumus,

156 2116 315 2188 propterea
334 2112 413 2187 quod
431 2112 464 2169 in
482 2113 608 2189 singulis
626 2112 746 2190 paginis
768 2112 1004 2191 fragmentorum
1024 2115 1054 2170 et
1072 2110 1173 2170 Mona·

158 2202 344 2262 stenensium
363 2205 394 2260 et
406 2200 615 2261 Werdensium
631 2220 770 2261 versuum
788 2222 928 2261 numerus
946 2221 1006 2261 non
1024 2202 1098 2261 satis
1117 2200 1175 2259 sibi

159 2295 282 2351 constat.
309 2293 412 2350 tamen
429 2292 503 2349 haec
517 2291 568 2351 via
585 2310 645 2349 non
663 2310 784 2367 prorsus
799 2290 987 2351 destituenda
1001 2294 1053 2351 est.
1079 2292 1174 2369 igitur

160 2401 229 2438 cum
248 2382 451 2456 quaternionis
465 2381 541 2439 sexti
554 2382 661 2439 folium
676 2382 712 2439 6v
725 2380 842 2441 finitum
857 2381 897 2441 sit
910 2400 997 2440 versu
1013 2382 1041 2456 5,
1052 2382 1082 2454 4,
1101 2398 1172 2455 qua-

162 2470 301 2529 ternionis
323 2470 407 2528 tertii
430 2469 538 2529 decimi
560 2469 667 2528 folium
694 2472 725 2528 1¹
747 2470 877 2546 coeperit
901 2489 918 2528 a
944 2488 1030 2530 versu
1056 2473 1084 2543 9,
1101 2469 1174 2543 235,

164 2560 242 2617 inter
257 2563 414 2635 utrumque
432 2559 638 2618 desiderantur
656 2578 758 2619 versus
774 2558 866 2619 Statii
881 2561 965 2618 3501
982 2552 1027 2640 (5,
1043 2555 1173 2617 5-753.

165 2650 196 2722 6,
211 2641 367 2729 1-929.1)
389 2644 564 2724 7,1-823.
585 2649 760 2723 8,1-766.
787 2642 978 2727 9,1-234),
997 2646 1105 2725 quibus
1124 2647 1175 2706 ad·

165 2737 253 2795 dendi
269 2741 336 2797 sunt
358 2740 602 2814 argumentorum
632 2741 776 2814 quattuor
802 2758 906 2798 versus
930 2737 1174 2813 duodequinqua-

167 2826 251 2901 ginta
265 2846 316 2885 nec
338 2846 397 2886 non
416 2830 524 2903 quater
547 2829 687 2903 quaterni
705 2827 957 2903 subscriptionum
978 2829 1010 2884 et
1026 2825 1175 2901 inscripti-

168 2935 373 2976 onumversua
393 2917 495 2991 itaque
510 2920 715 2992 computamus
728 2918 762 2974 in
776 2919 947 2977 universum
961 2934 1063 2975 versus
1079 2916 1174 2975 3565.

169 3006 289 3081 paginae
302 3010 401 3064 autem
415 3005 587 3064 exciderunt
600 3005 679 3064 inter
692 3007 861 3083 fragmenta
875 3005 1064 3082 Deycksiana
1078 2996 1175 3085 (quat.

170 3092 215 3149 VI
228 3094 273 3151 fol.
283 3086 329 3174 5')
343 3098 374 3153 et
387 3095 623 3173 fragmentorum
632 3095 840 3155 Werdensium
854 3096 975 3155 initium
990 3088 1086 3175 (quat.
1101 3092 1176 3152 XIII

173 3175 361 3264 f01.1¹)102.
390 3187 461 3242 suut
480 3186 560 3241 enirn
579 3203 628 3242 sex
644 3186 855 3260 quaterniones
873 3184 984 3261 integri
1002 3187 1033 3243 et
1050 3184 1175 3242 ultimae

174 3290 223 3329 sex
240 3275 357 3350 paginas
380 3274 586 3348 quaternionis
610 3274 693 3332 sexti.
730 3274 834 3349 itaque
857 3274 883 3334 si
906 3274 977 3333 licet
1000 3292 1096 3349 aequa
1114 3273 1175 3331 fere

175 3361 280 3419 ratione
293 3361 466 3421 distribuere
480 3363 549 3421 illos
563 3381 665 3422 versus
680 3364 776 3438 3565,
796 3363 921 3441 singulis
935 3364 1053 3442 paginis
1072 3362 1175 3438 scripti

177 3448 287 3508 fuerunt
302 3470 400 3511 versus
419 3453 532 3511 treceni
545 3452 639 3528 quini,
657 3472 726 3511 raro
745 3455 857 3511 neceni
877 3454 1023 3529 quaterni.
1050 3469 1120 3529 ergo
1139 3470 1176 3511 ne

177 3536 245 3597 baec
260 3540 370 3615 quidem
388 3541 602 3616 impedimento
621 3544 699 3615 sunt,
717 3543 876 3617 quominus
892 3543 1061 3619 fragmenta
1074 3542 1176 3601 Mona-

156 3683 157 3716 ,
181 3628 318 3690 stertensia
335 3635 364 3689 et
382 3630 649 3691 Dflssoldorfiensia
668 3631 798 3691 eiusdem
819 3630 928 3691 codicis
942 3631 1113 3691 Werdensis
1131 3651 1177 3689 re·

156 3719 158 3741 ¹
183 3714 278 3789 liquiaa
293 3720 458 3779 iudIcemus

215 3854 236 3859 ··-
247 3856 373 3865 Ἢ-..

246 3925 269 3991 1)
285 3942 336 3978 non
358 3927 496 3980 numerati
519 3929 587 3980 aunt
604 3942 710 3990 versus,
723 3928 773 3996 qui
790 3927 821 3980 in
839 3926 1003 3981 melioribus
1022 3892 1104 3979 libris
1123 3941 1178 3979 non

186 3986 299 4059 tegmem
316 4002 458 4065 eae-ee.
477 4002 593 4052 ss-sa
613 4003 763 4054 aar-aea.
784 4003 934 4053 ure-um.

986 4084 1021 4139 0*

1130 4179 1343 4229 ‚lu—'—
