2959 4659
304 561 391 615 XLIV
614 559 782 614 EDITORIS
801 559 1006 614 PRAEFATIO

393 734 422 806 2,
438 731 502 789 594
520 730 607 789 Solus
629 732 662 788 to
684 748 771 788 ormo
793 747 869 789 cccc.
897 748 988 804 oeque
1010 733 1043 789 ia
1066 732 1112 789 tis
1130 749 1233 803 moro;
1252 750 1309 804 quos

302 820 354 878 obi
366 821 470 893 plures
487 811 593 889 DP¹):
611 822 645 878 io
664 838 720 879 om.
740 841 776 877 ω.

393 910 422 982 3,
438 911 501 967 322
523 909 651 968 Terrttot
664 926 747 967 ornae
761 926 843 967 como
856 909 1031 968 iamdudum
1045 914 1098 968 out
1115 912 1226 970 ditibus
1242 915 1309 986 offrir

302 990 427 1064 PNQQ
441 999 503 1057 tom
516 997 548 1055 in
562 1020 590 1056 ω
606 997 798 1056 desideratur.
818 999 896 1057 unde
912 998 949 1056 ad
964 1017 1082 1057 versum
1096 1000 1308 1059 resarciendum

302 1088 414 1146 wdone
431 1089 476 1146 oet
493 1087 526 1145 in
544 1090 628 1146 Mfc
647 1089 792 1163 scriptum
811 1089 863 1146 est.

392 1178 421 1251 6,
432 1178 494 1236 309
511 1176 684 1236 Caeruleum
694 1177 811 1249 differre
819 1181 952 1250 patrem·
964 1181 1099 1251 stupuere
1111 1180 1215 1238 relicto
1223 1184 1249 1238 P
1257 1180 1310 1237 vul-

302 1266 369 1342 gari
382 1267 552 1341 corruptela
565 1267 692 1340 differre,
710 1286 765 1341 pro
780 1285 841 1341 qua
855 1285 958 1325 verum
973 1268 1070 1325 exstat
1083 1267 1115 1324 in
1129 1273 1260 1339 Dbuv:
1274 1270 1310 1327 dc-

300 1357 386 1427 fcrrc.
410 1359 510 1413 tamen
529 1355 561 1413 in
575 1377 603 1413 ω
622 1355 767 1429 scriptum
780 1356 872 1413 fuisse
885 1358 963 1429 ferre
977 1357 1026 1414 vel
1040 1375 1074 1415 eo
1090 1362 1226 1432 apparet,
1243 1359 1310 1433 quod

303 1445 396 1504 variis
414 1444 581 1503 rationibus
600 1445 699 1503 versui
717 1444 868 1503 laboranti
887 1463 1055 1504 succurrere
1075 1449 1176 1505 conati
1197 1451 1269 1506 sunt
1284 1448 1310 1503 li-

301 1533 400 1591 brarii.
434 1533 564 1611 genuina
583 1539 684 1592 autem
707 1534 797 1592 lectio
817 1556 844 1592 ω
863 1534 1016 1592 invenitur
1034 1537 1065 1592 in
1084 1529 1250 1611 B¹Ls1g¹‚
1271 1536 1311 1595 ad·

302 1623 425 1681 ulterati
439 1626 509 1682 sunt
523 1622 638 1682 codices
653 1628 683 1690 Q
697 1625 739 1682 stc
752 1625 838 1697 ferre,
851 1626 943 1682 mx
951 1626 1094 1697 perferre,
1109 1630 1133 1683 0
1148 1630 1310 1701 transferre

301 1704 373 1771 s²N
386 1716 515 1786 portare.

391 1803 499 1875 9,160
518 1802 658 1875 Proiecto,
676 1804 739 1875 ipsc
757 1820 849 1861 murco
869 1802 962 1876 Tyrio
981 1804 1034 1861 tibi
1052 1806 1155 1876 coptus
1169 1803 1309 1865 Adrastus

301 1894 328 1948 1²
345 1890 399 1949 ubi
418 1891 529 1966 optime
554 1909 584 1950 se
603 1891 696 1949 habet
714 1890 834 1949 dativus
854 1891 904 1949 ille
924 1892 976 1967 qui
995 1892 1106 1951 dicitur
1125 1894 1253 1953 ethicus.
1287 1896 1310 1952 io

301 2001 328 2037 ω
348 1998 402 2055 pro
426 1982 478 2038 tibi
501 1985 603 2053 coptus
625 1979 723 2037 solum
746 1984 856 2053 coptu,
879 1980 939 2039 nisi
961 1981 1042 2057 quod
1064 1984 1126 2041 tom
1150 1989 1256 2057 coptus
1274 1984 1309 2041 vo]

303 2072 437 2142 captatus
455 2069 486 2126 in
506 2069 631 2146 singuiis
652 2072 749 2128 exstat
768 2069 925 2129 codicibus.
951 2090 1027 2145 quae
1046 2069 1190 2131 lectiones
1211 2074 1284 2148 quin
1300 2092 1310 2129 r

300 2158 472 2233 corruptela
491 2163 593 2232 coptus
611 2160 784 2233 procreatae
805 2158 872 2233 sint,
893 2178 952 2217 non
972 2159 1083 2220 dubito.

390 2249 418 2320 9,
434 2249 497 2307 258
520 2247 672 2322 Sequere
700 2253 726 2306 et
748 2266 762 2307 c
785 2250 874 2319 fluvio
901 2252 999 2307 acutri
1020 2250 1112 2324 fatale
1134 2255 1256 2309 reverti:
1279 2252 1309 2309 sic

300 2340 419 2410 PDM,
434 2339 582 2395 contrairi
592 2359 620 2395 ω
636 2356 650 2396 c
665 2336 823 2410 exciderat,
837 2337 915 2397 unde
926 2340 1097 2397 coniectura
1108 2342 1222 2409 natum,
1239 2340 1309 2416 quod

301 2425 332 2482 in
353 2426 532 2501 quibusdam
551 2427 674 2504 legitur:
694 2431 720 2485 ct
738 2446 758 2485 o
776 2448 814 2499 με
834 2427 868 2486 cte
887 2448 919 2486 v:
940 2432 966 2486 ct
983 2432 1025 2487 est
1041 2448 1071 2487 r:
1089 2429 1141 2487 scd
1158 2434 1199 2488 N.

391 2518 419 2589 9,
436 2517 499 2574 617
523 2516 585 2575 Noc
607 2518 680 2574 mitt
701 2519 816 2575 secretis
840 2516 957 2589 colpum
981 2519 1122 2577 occultare
1144 2520 1200 2577 sub
1223 2522 1310 2577 antris

300 2596 401 2684 ΡΝ)
426 2604 457 2662 iu
476 2605 581 2663 ceteris
600 2624 654 2679 pro
669 2624 740 2664 voce
756 2606 873 2678 colpum
887 2606 1036 2682 glossema
1054 2610 1163 2666 crimen
1181 2609 1310 2679 intravit,

299 2692 357 2751 nisi
376 2694 456 2769 quod
473 2713 593 2753 versum
610 2694 707 2771 magis
726 2714 816 2770 quam
835 2712 953 2754 sensum
972 2697 1090 2755 curavit
1110 2690 1172 2754 0f1
1191 2698 1310 2757 lectione

299 2799 416 2842 ornem.

368 2874 418 2946 10,
433 2875 496 2932 309
516 2874 620 2947 Exue
641 2876 828 2946 optatumque
851 2891 924 2932 cocu
947 2875 1089 2933 testudine
1107 2875 1240 2935 dextrum
1260 2882 1310 2935 ΡΙ)

299 2965 363 3019 Κν.
400 2962 432 3019 in
456 2985 484 3021 ω
514 2966 669 3036 optansque
692 2961 825 3021 extitisse
853 2965 991 3039 apparet:
1015 2968 1170 3038 aptamque
1193 2970 1309 3037 Loro:

299 3047 455 3161 opacisque
472 3079 612 3154 B¹Q¹f¹t
632 3091 784 3160 ortumque
802 3092 850 3145 M:
870 3092 1040 3162 captamque
1057 3094 1097 3148 N.

368 3178 418 3250 10,
433 3177 496 3235 466
516 3177 592 3236 Eece
611 3181 637 3234 et
650 3178 775 3235 Dtrocoe
789 3179 873 3236 torto
887 3179 947 3236 duc
966 3181 1092 3238 concitus
1107 3180 1174 3238 aloc
1192 3184 1309 3239 PDcu

299 3299 331 3358 in
346 3322 374 3358 ω
393 3304 420 3358 ct
433 3300 575 3359 omissum
595 3304 667 3376 erat,
686 3301 766 3377 quod
785 3304 951 3360 correctum
974 3304 1018 3361 est
1042 3302 1072 3362 in
1091 3308 1117 3361 B
1132 3306 1162 3362 et
1176 3308 1217 3363 L:
1236 3268 1309 3363 ‘'dir-

299 3406 384 3448 ooeoc
402 3383 455 3448 B1:
475 3408 541 3463 -que
560 3391 694 3449 direoeoe
711 3394 747 3448 L.

368 3481 418 3552 11,
434 3481 474 3537 22
495 3478 556 3538 Nec
573 3481 636 3538 iam
653 3480 746 3575 hostes
764 3484 877 3539 turmae
896 3485 948 3539 aot
965 3483 1079 3554 ferrum
1096 3482 1219 3542 mortotc
1238 3486 1308 3544 tirno

373 3668 398 3735 1)
417 3683 451 3718 ex
464 3666 588 3738 vulgatis
603 3667 748 3722 codicibus
763 3685 790 3721 ω
810 3666 920 3721 nullum
933 3684 990 3722 non
1004 3668 1051 3723 hic
1065 3669 1124 3723 illic
1139 3688 1204 3724 cum
1218 3678 1238 3724 1⁸
1253 3689 1307 3725 oon·

299 3737 405 3790 sentire
424 3737 536 3792 adnoto.
565 3738 667 3806 quibus
685 3738 756 3793 locis
775 3738 906 3794 eclectio
925 3757 997 3808 quae
1011 3742 1055 3796 est
1068 3742 1097 3794 in
1112 3747 1140 3809 Ρ,
1159 3742 1222 3797 iure
1240 3745 1307 3813 post

298 3808 402 3861 liminii
422 3825 472 3878 pro
491 3812 622 3880 corrupta
645 3810 766 3864 lectione
789 3828 817 3864 ω
840 3812 957 3865 reducta
975 3814 1026 3866 est.
1064 3830 1121 3881 qua
1141 3814 1176 3868 de
1195 3832 1226 3869 re
1245 3814 1307 3869 intra

298 3898 324 3949 p.
340 3878 400 3933 LXI
419 3882 557 3951 agendum
577 3884 627 3937 est.

370 3953 396 4020 2)
415 3950 491 4007 idom
508 3953 539 4007 in
556 3972 608 4022 μν
626 3955 786 4008 correctura
804 3953 966 4008 restitutum
986 3957 1038 4010 est.
