2959 4659
295 555 362 620 460
654 554 684 608 P.
702 553 827 607 PAPINI
845 553 952 624 STATI

296 719 433 803 imperia
456 722 488 782 et
510 719 634 782 furtum
659 719 746 783 claro
771 717 920 804 clangore
942 717 1086 782 fatentur

296 829 433 891 securae,
457 808 576 892 quippe
600 829 695 872 omne
717 807 828 871 vident
850 806 983 871 fluxisse
1007 808 1151 872 cadaver.
1266 825 1312 872 455

296 897 439 962 ambitur
461 918 556 961 saeva
579 897 618 960 de
641 900 745 961 morte
768 897 977 979 animosaque
999 896 1057 960 leti

296 1008 369 1070 spes
392 985 485 1051 furit:
508 986 587 1050 haec
609 985 719 1051 fratris
741 985 897 1069 rapuisse,
919 984 999 1050 haec
1022 987 1172 1070 coniugis
1197 992 1286 1052 artus

296 1074 494 1140 contendunt
504 1075 693 1159 vicibusque
702 1074 855 1158 probant:
872 1075 945 1160 ‘ego
960 1075 1097 1159 corpus’,
1113 1076 1187 1160 ‘ego
1203 1077 1311 1161 ignes,

297 1163 361 1228 ‘me
383 1166 509 1248 pietas,
534 1166 596 1228 ‘me
619 1164 712 1228 duxit
735 1163 847 1241 amor'.
885 1163 1057 1248 deposcere
1080 1185 1176 1230 saeva

296 1253 456 1338 supplicia
479 1257 511 1318 et
535 1254 662 1318 dextras
685 1253 775 1318 iuvat
798 1253 955 1318 insertare
978 1253 1108 1318 catenis.
1264 1272 1309 1320 464

295 1364 454 1426 nusquam
478 1343 535 1408 ilia
558 1342 689 1407 alternis
712 1342 809 1406 modo
833 1363 916 1426 quae
939 1343 1119 1406 reverentia
1142 1343 1261 1428 verbis,

296 1431 378 1496 iram
403 1431 575 1514 odiumque
597 1435 706 1517 pntes3
729 1435 840 1496 tantus
863 1431 1028 1496 discordat
1049 1432 1218 1516 utrimque

296 1521 427 1605 clamor,
450 1521 546 1584 etad
569 1542 688 1605 regem,
711 1521 768 1604 qui
791 1521 994 1604 deprendere,
1017 1520 1203 1586 trahuntur.

364 1614 398 1674 at
420 1609 535 1693 procul
557 1609 687 1674 Actaeis
711 1609 824 1674 dextra
846 1611 912 1673 iam
935 1607 1067 1674 Pallade
1089 1610 1194 1676 muris

295 1699 377 1764 Iuno
400 1699 586 1764 Phoroneas
608 1699 733 1764 inducit
755 1698 886 1782 praevia
909 1703 1028 1763 matres
1263 1717 1304 1765 464

297 1788 460 1872 attonitas,
482 1810 549 1852 non
571 1787 642 1871 ipsa
663 1789 781 1872 minus,
806 1792 997 1871 coetumque
1020 1793 1205 1874 gementem

297 1877 448 1942 conciliat
470 1877 600 1960 populis
624 1881 657 1941 et
679 1876 809 1942 fletibus
834 1877 922 1941 addit
945 1877 1111 1941 honorem.

297 1967 369 2050 ipsa
391 1989 489 2030 manu
511 1988 681 2050 ramosque
706 1968 795 2031 oleae
817 1967 980 2049 vittasque
1003 1967 1166 2049 precantis

296 2055 405 2139 tradit,
426 2060 461 2125 ¹et
484 2060 617 2139 optenta
640 2055 829 2120 submittere
852 2055 975 2120 lumina
997 2058 1084 2140 palia

297 2148 329 2208 et
351 2143 512 2228 praeferre
535 2145 629 2209 docet
651 2166 769 2209 vacuas
792 2145 860 2208 sine
885 2144 1033 2208 manibus
1056 2167 1164 2209 umas.
1262 2160 1303 2210 474

297 2234 401 2298 omnis
424 2233 593 2299 Erectheis
617 2234 719 2299 effusa
740 2233 912 2317 penatibus
936 2236 1024 2298 aetas

297 2327 382 2387 tecta
404 2322 537 2407 viasque
559 2325 698 2407 replent:
721 2323 806 2386 unde
829 2322 892 2387 hcc
915 2344 1048 2387 examen
1072 2325 1105 2386 et
1128 2345 1195 2387 una

295 2415 347 2476 tot
369 2411 526 2476 miserae?
558 2413 695 2476 necdum
719 2433 830 2476 causas
853 2433 971 2476 novere
994 2411 1165 2495 malcrum,

297 2501 425 2585 iamque
449 2505 591 2587 gemunt.
637 2501 696 2565 dea
720 2501 866 2567 conciliis
890 2522 923 2565 se
947 2501 1061 2565 miscet
1083 2501 1232 2584 utrisque

368 2664 419 2712 472
439 2658 512 2715 Serv.
528 2660 598 2713 Aac.
613 2666 638 2725 2,
655 2663 705 2712 798
728 2674 863 2729 magnum
882 2660 925 2711 est
944 2659 1019 2726 quod
1044 2657 1158 2711 addidit
1183 2659 1304 2728 ‘vulgus'.

297 2731 337 2784 sic
356 2729 477 2784 Statius:
496 2730 571 2784 unde
590 2731 644 2784 hoc
716 2732 760 2783 tot
778 2731 897 2783 miserae

368 2879 420 2928 464
437 2873 568 2943 clangore
578 2878 610 2926 1²:
625 2872 762 2943 plangore
777 2891 813 2940 ω,
828 2874 862 2940 cs.
877 2877 903 2940 4,
915 2876 970 2926 796
1033 2877 1085 2925 466
1106 2872 1215 2942 quippe
1228 2891 1249 2927 e.
1263 2875 1306 2926 ir

349 2987 401 3034 466
417 2946 573 3034 Ambi⁸¹tur
586 2999 612 3032 r:
628 2979 789 3050 Ambigitur
801 2978 865 3031 Μ’
914 2984 997 3032 seul(
1047 2979 1304 3050 animosutuqnel¹

349 3064 419 3143 1646
441 3088 475 3139 6ι
557 3092 608 3140 467
632 3054 727 3141 db'dds
750 3105 776 3140 r:
805 3101 900 3140 menes
924 3091 941 3139 u
1023 3091 1075 3140 466
1096 3087 1129 3166 gc
1153 3105 1207 3158 ego
1230 3087 1263 3140 61

889 3171 901 3198 l'

297 3218 349 3268 466
368 3216 401 3266 ut
418 3213 565 3266 dextrasb
630 3171 701 3276 iuvit
718 3211 760 3264 1¹
822 3211 961 3280 inceptare
979 3212 1013 3263 11²
1092 3217 1145 3266 466
1165 3215 1305 3270 tantumt

349 3286 539 3352 utrumqneb
617 3288 669 3336 463
689 3283 898 3352 deprehendere
916 3288 962 3335 PB
1021 3283 1175 3337 trahuntur
1196 3281 1303 3338 ’thaha

1211 3369 1227 3396 V

296 3411 368 3463 bant
384 3408 477 3476 17’μί
506 3409 668 3462 trahentum
686 3409 935 3479 mathematice
953 3409 1023 3462 male
1104 3413 1158 3462 464
1181 3409 1260 3463 miris
1279 3407 1303 3460 7,Ι

351 3480 524 3535 46616606
596 3480 712 3548 praevia
730 3497 774 3571 ωε.
798 3479 907 3548 premia
924 3485 956 3533 P:
984 3479 1081 3548 previa
1098 3497 1133 3534 ea
1150 3481 1262 3590 premia
1278 3479 1302 3538 0¹

351 3610 403 3660 467
422 3604 535 3657 fletibus
553 3610 585 3657 1²:
614 3603 747 3658 flentibus
767 3622 794 3658 ω
872 3609 924 3659 468
948 3610 1072 3658 remeat
1129 3605 1257 3674 vitasque
1273 3603 1304 3657 1!

351 3677 537 3746 precantes?
608 3680 661 3729 469
681 3675 831 3730 obtectae
885 3675 1094 3730 submittensn
1150 3675 1256 3730 lumina
1270 3695 1302 3730 n:

297 3807 388 3856 -neP
469 3751 669 3870 indidisses
691 3801 725 3853 1.¹
788 3795 886 3855 vacusas
908 3800 942 3853 1¹
1025 3804 1076 3855 471
1096 3799 1303 3859 Erechthaeiss

298 3875 445 3929 Heinsius:
465 3873 596 3926 erictheis
615 3877 647 3923 1²:
672 3874 702 3926 et
719 3873 807 3926 acteis
827 3889 854 3926 ω
910 3877 961 3925 477
981 3887 1097 3927 examen
1117 3890 1151 3927 ex
1169 3871 1212 3925 -in
1228 3873 1258 3925 1³¹

297 3951 350 3998 474
369 3944 495 3999 consiliis
514 3949 601 3997 not
654 3959 683 3996 se
702 3962 743 3998 m:
763 3943 842 3997 sic?
