2959 4659
273 567 322 622 LX
584 564 753 619 mumolus
772 563 977 619 PRAEFATIO

274 737 359 796 abest
382 734 419 794 ab
449 736 577 795 insulari
604 736 766 810 scriptura,
789 752 823 793 eo
849 733 945 811 magis
968 734 1097 811 vestigia
1120 738 1252 795 cernunt
1290 784 1294 793 .

274 824 476 901 compluribus
499 827 599 884 autem
623 822 709 883 libris
734 823 912 883 intermissis
940 842 976 883 ea
1006 822 1132 883 diminui
1158 826 1211 883 vel
1235 826 1295 883 fere

275 915 367 974 deleri
386 917 616 974 consentaneum
639 916 693 973 est.
729 913 780 972 sed
799 912 859 972 iam
884 932 1068 973 communem
1091 932 1197 973 eorum
1218 915 1295 973 codi-

275 1025 344 1064 cum
362 1005 474 1063 fontem
494 1027 522 1062 ω
542 1003 644 1062 eadem
664 1004 812 1078 scriptura
834 1004 987 1062 exaratum
1005 1003 1099 1062 fuisse
1118 1003 1295 1079 comproba

275 1098 334 1153 tur.
371 1113 440 1152 nam
459 1112 513 1169 pro
533 1112 567 1152 eo
586 1093 666 1169 quod
687 1094 715 1167 1,
730 1093 795 1150 474
814 1093 846 1150 in
864 1096 890 1151 P
909 1094 989 1150 recte
1007 1091 1121 1169 legitur
1132 1112 1201 1167 par,
1222 1094 1254 1151 in
1270 1116 1295 1152 ω

270 1188 339 1259 post
356 1182 552 1243 substitutum
572 1185 625 1242 est.
662 1201 739 1257 quae
758 1180 917 1240 diversitas
935 1182 1052 1259 egregie
1070 1181 1124 1240 illo
1144 1182 1295 1242 scribendi

276 1291 383 1352 genere
397 1273 570 1348 explicatur.
607 1271 753 1331 accedunt
768 1271 846 1329 aliae
859 1270 1027 1329 litterarum
1042 1274 1295 1332 commutationes

277 1382 353 1439 quae
372 1362 474 1421 eodem
493 1362 657 1437 pertinent:
678 1361 707 1434 3,
727 1361 790 1418 426
811 1377 902 1418 comos
921 1365 960 1418 P:
980 1362 1078 1419 ocrim
1097 1383 1133 1421 ω.
1181 1364 1215 1435 3,
1232 1363 1294 1420 672

275 1453 423 1512 Flamina
436 1456 475 1509 P:
494 1451 642 1509 Flamina
661 1472 697 1508 ω.
736 1452 766 1522 4,
782 1449 844 1508 289
865 1449 947 1507 clitor
964 1454 1004 1507 1³:
1023 1449 1110 1508 cliton
1129 1473 1165 1508 ω.
1208 1452 1239 1525 6,
1254 1454 1295 1509 26

276 1544 421 1601 lacessant
438 1546 477 1599 P:
501 1541 646 1599 &acescunt
664 1562 700 1597 ω.
748 1540 777 1611 6,
798 1539 860 1597 536
881 1542 1015 1597 rotantur
1033 1544 1072 1597 P:
1095 1543 1241 1598 notantur
1260 1564 1294 1599 ω.

278 1633 306 1706 6,
323 1632 385 1689 669
407 1648 441 1689 00
455 1632 516 1688 viso
530 1635 569 1688 P:
589 1630 725 1688 exhausto
740 1619 860 1709 (awo)
875 1651 911 1686 ω.
947 1630 975 1701 6,
991 1629 1053 1686 827
1069 1630 1243 1701 torpentibus
1257 1635 1295 1688 P:

275 1721 439 1795 inpartibus
454 1743 490 1778 m.
537 1720 566 1792 8,
582 1720 644 1777 371
664 1720 738 1792 ripet
752 1722 791 1776 P:
809 1719 880 1776 adet
894 1740 929 1776 ω.
977 1718 1006 1791 8,
1022 1718 1086 1776 570
1105 1718 1245 1777 Primam
1259 1725 1295 1778 P:

276 1810 412 1868 Primam
426 1832 462 1867 ω.
511 1810 539 1882 9,
555 1809 618 1866 876
633 1808 829 1881 patebuatP:
843 1807 1035 1880 potabantur.
1085 1808 1296 1879 104111οι»-

276 1918 344 1959 uam
362 1902 466 1957 PBG:
484 1899 600 1957 loevam
618 1920 654 1955 ω.
701 1896 841 1973 quoniam
861 1897 955 1973 igitur
972 1900 998 1953 P
1017 1914 1136 1972 quoque
1157 1916 1175 1955 a
1195 1898 1296 1957 codice

277 1987 404 2047 insulari
418 1987 630 2047 descendat-
641 1986 672 2044 id
687 1986 766 2062 quod
782 1986 851 2044 ante
866 1985 1132 2044 demonstravimus
1140 1979 1175 2062 1)‚
1192 2007 1295 2062 quam·

277 2097 367 2155 quam
382 2079 486 2155 augeri
499 2078 598 2153 potest
616 2077 661 2136 vis
677 2078 920 2153 argumentorum
936 2107 988 2149 —,
1003 2074 1144 2150 quicquid
1160 2076 1296 2136 codicum

278 2166 438 2225 Thebaidis
458 2169 605 2241 superest,
624 2184 643 2223 a
661 2164 776 2224 duobus
796 2163 1012 2241 exemplaribus
1030 2164 1148 2239 pendet,
1169 2185 1296 2241 quorum

277 2276 370 2315 unum
391 2255 504 2315 Iuliani
527 2254 679 2315 cuiusdam
703 2276 731 2314 v.
747 2272 770 2312 c.
794 2253 861 2328 fuit,
886 2254 1014 2314 alterum
1038 2254 1206 2315 communis
1233 2257 1297 2315 fons

210 2407 212 2411 ,
279 2345 413 2405 codicum
433 2367 469 2403 ω.
516 2364 551 2404 ex
569 2347 696 2419 utroque
716 2343 890 2421 transcripti
913 2345 983 2403 sunt
1000 2342 1128 2402 insulari
1146 2347 1298 2421 scriptura

278 2435 389 2514 singuli
409 2434 533 2508 codices,
551 2434 629 2492 unde
648 2433 778 2510 pendent
797 2435 827 2491 et
844 2437 870 2490 P
891 2435 920 2491 et
939 2433 1030 2492 ceteri
1048 2432 1127 2491 libri.

582 2658 740 2725 eleva
764 2657 992 2745 ruerrvu

501 2783 573 2836 quae
591 2765 665 2819 ratio
684 2746 843 2819 intercedat
861 2764 935 2818 iuter
953 2769 972 2815 1³
991 2766 1020 2817 et
1038 2782 1074 2817 ω.

346 2900 439 2959 vicini
457 2902 613 2976 utriusque
628 2898 761 2957 familiae
780 2898 886 2972 proavi
904 2899 1032 2957 fuerunt.
1064 2897 1144 2956 uude
1163 2918 1227 2957 non
1246 2900 1298 2957 rni-

279 3009 394 3062 ramur‚
418 2990 495 3048 inter
518 3008 568 3048 eas
591 2987 682 3047 fuisse
707 2987 857 3063 quoddam
881 2988 1098 3045 commercium.
1140 3006 1194 3045 nec
1220 2991 1298 3047 enim

280 3079 369 3139 aliter
386 3080 559 3156 explicatur,
578 3077 657 3154 quod
676 3080 707 3135 et
720 3077 820 3135 nullus
834 3076 975 3153 vulgatae
994 3075 1084 3135 codex
1103 3094 1163 3134 non
1181 3076 1235 3135 hic
1254 3078 1299 3137 vel

279 3169 343 3227 illic
362 3186 429 3227 cum
442 3174 468 3227 P
487 3170 592 3228 contra
611 3168 753 3245 cognatos
773 3184 841 3225 suos
856 3165 1008 3241 conspirat
1026 3166 1057 3224 et
1074 3164 1139 3239 ipse
1153 3170 1179 3223 P
1198 3185 1220 3223 a
1236 3169 1297 3227 vul-

280 3258 353 3335 gata
371 3258 530 3316 nonnullas
543 3257 685 3316 lectiones
701 3256 823 3331 accepit.
856 3254 933 3314 illud
952 3253 1029 3330 quod
1045 3258 1115 3313 ante
1134 3256 1243 3330 paucis
1258 3257 1298 3313 in-

281 3348 379 3406 dicavi
385 3338 419 3422 ²),
438 3346 499 3404 iam
514 3345 656 3423 exemplis
669 3344 896 3419 illustrabimus,
916 3347 950 3403 ut
965 3345 1109 3419 appareat
1127 3348 1249 3420 quanta
1262 3346 1298 3404 sit

281 3437 330 3496 hic
346 3435 411 3494 illic
429 3435 594 3495 similitudo
608 3435 657 3494 vel
670 3434 702 3493 in
715 3434 847 3493 minimis
862 3434 957 3492 rebus.
991 3432 1073 3491 cuius
1088 3430 1297 3492 similitudinis

281 3527 409 3603 vestigia
427 3526 459 3583 in
482 3525 524 3584 eis
543 3523 684 3582 nimirum
708 3523 858 3584 codicibus
877 3522 1044 3601 largissime
1062 3524 1177 3597 patent,
1196 3526 1297 3598 quiet

281 3616 340 3691 ipsi
363 3614 592 3692 diligentissime
618 3615 722 3688 scripti
746 3615 869 3673 suntet
892 3633 951 3671 non
974 3612 1063 3671 nimis
1085 3612 1189 3671 multis
1213 3612 1297 3671 libris

281 3703 457 3764 intermissis
470 3703 508 3762 ad
519 3721 704 3763 communem
716 3703 863 3779 originem
873 3702 1043 3763 ascendunt.
1059 3720 1118 3777 quo
1130 3703 1162 3759 in
1174 3720 1295 3760 numero

355 3893 380 3962 1)
399 3889 499 3945 Philol.
514 3895 547 3943 61
563 3891 654 3960 (1904)
672 3907 700 3959 p.
717 3894 816 3958 168sq.

354 3964 380 4032 a)
398 3961 514 4016 Hermos
528 3967 563 4015 40
577 3961 668 4031 (roos)
687 3979 714 4030 p.
729 3966 790 4014 aaa.

1348 3522 1350 3577 l
