2959 4659
300 568 323 623 L
611 567 780 623 EDITORIS
798 568 1005 623 PRAEFATIO

298 740 385 798 redas
406 742 478 810 Pp:
500 707 616 813 siradius
638 760 666 798 ν.
714 741 743 813 9,
763 739 827 797 436
851 739 953 798 lavare
976 740 1061 797 Fau:
1084 703 1182 813 debore
1204 740 1257 797 1³⁰:
1276 738 1305 797 le

252 854 262 871 ⁸
299 846 370 888 vare
387 850 447 899 μν.
495 830 524 903 9,
541 829 603 887 749
623 829 755 902 mytica
775 849 816 886 ro:
835 829 966 901 erythiae
984 832 1022 886 P:
1041 829 1172 887 aaron
1189 850 1251 900 ur.

366 936 434 977 cnm
451 936 522 977 vero
541 919 634 976 ctiam
647 916 717 975 libri
731 920 790 975 Mi
805 916 1009 993 aliquomodo
1023 935 1090 975 cum
1103 920 1231 984 BLQb
1250 936 1304 975 eou-

298 1007 394 1066 iuncti
407 1007 469 1066 sint
483 1026 519 1067 ac
531 1026 569 1065 ne
582 1028 634 1079 μν
649 1005 770 1082 quidem
785 1006 904 1066 omnino
918 1006 1018 1066 absint
1037 1004 1074 1064 ab
1093 1006 1140 1065 his
1155 1006 1306 1077 codicibus,

298 1096 370 1155 licet
388 1096 441 1155 hos
460 1096 553 1155 libros
572 1095 826 1171 comprehendere.
873 1096 1012 1170 quicum
1033 1094 1065 1153 in
1085 1093 1248 1154 Germania
1265 1115 1306 1171 po

298 1184 448 1245 tissimum
467 1188 521 1245 aut
538 1185 603 1243 nati
618 1187 680 1243 sint
697 1187 752 1244 aut
766 1182 974 1260 adserventur,
986 1184 1208 1245 commoditatis
1229 1202 1307 1243 causa

298 1294 364 1333 eam
383 1276 506 1351 stirpem
521 1272 728 1334 Germanicam
747 1291 918 1349 nuncupare
936 1274 1033 1333 liceat.
1061 1274 1307 1350 comprehensioni
1345 1292 1346 1357 p

299 1367 400 1422 autem
413 1364 517 1423 favent
529 1365 668 1439 inprimis
680 1364 808 1422 lacunae
820 1362 968 1438 quaedam
981 1382 1151 1423 communes
1163 1362 1211 1422 vel
1225 1364 1307 1422 omni·
1345 1402 1346 1409 κ

298 1452 353 1512 bus
372 1453 420 1522 vel
443 1453 593 1529 plerisque
613 1472 648 1511 ex
666 1453 716 1511 eis.
764 1470 834 1510 nam
856 1451 906 1510 hic
928 1452 993 1510 illic
1010 1472 1102 1510 unum
1121 1452 1170 1511 vel
1188 1452 1307 1511 alterum
1345 1456 1346 1527 ᾗ

298 1542 408 1601 librum
427 1562 446 1601 a
463 1561 518 1602 sua
536 1543 629 1617 stirpe
649 1540 797 1600 discedere
816 1561 876 1601 non
895 1540 1039 1617 estquod
1056 1542 1209 1616 miremur,
1230 1562 1307 1617 prop·

298 1634 380 1691 terea
399 1631 478 1707 quod
496 1631 587 1691 etiam
605 1631 637 1689 in
655 1633 827 1690 nostrornm
845 1630 980 1689 codicum
999 1631 1221 1706 exemplaribus
1240 1632 1307 1690 iden

298 1719 441 1781 accidisse
460 1723 691 1780 consentancum
709 1723 763 1797 est,
783 1719 862 1795 quod
875 1719 912 1778 de
929 1721 1003 1795 ipsis
1022 1738 1113 1796 supra
1132 1719 1308 1780 demonstra·

298 1810 405 1883 vimus,
419 1830 524 1886 nempe
538 1813 575 1869 ut
591 1809 819 1868 emendarentur
832 1810 901 1868 aliis
915 1808 1065 1868 codicibus
1084 1812 1204 1885 praeter
1225 1830 1307 1868 exem·

299 1900 396 1975 plaria
420 1899 570 1959 adhibitis.
615 1900 719 1973 itaque
741 1918 801 1957 non
820 1917 920 1958 omnes
944 1898 1016 1957 libri
1040 1899 1178 1974 quamvis
1197 1900 1307 1978 cognati

299 1989 330 2046 in
349 1989 392 2047 eis
410 1989 524 2048 lacunis
544 1988 740 2048 consentiunt.

388 2079 418 2153 4,
434 2079 498 2137 270
518 2097 574 2137 om.
593 2070 886 2149 BLMchr¹u¹v

389 2169 418 2242 4,
434 2168 496 2226 346
508 2186 551 2243 sq.
570 2168 725 2243 peceatum
745 2167 839 2226 estin
858 2171 1061 2237 anschiso

390 2258 419 2332 e,
435 2257 474 2316 53
495 2276 551 2315 om.
571 2260 809 2328 nnonrorp

390 2347 497 2420 9,187
518 2365 574 2405 om.
594 2348 775 2418 BSQpr

368 2438 419 2510 11,
435 2438 497 2496 186
518 2455 574 2495 om.
593 2438 813 2502 BLQbeN

307 2530 312 2542 ·
368 2528 419 2599 11,
433 2526 497 2584 459
518 2543 575 2583 om.
593 2514 845 2603 enumeres)

366 2616 418 2690 qui
437 2631 596 2674 consensus
619 2613 755 2672 firmatur
777 2612 882 2671 multis
904 2611 1082 2671 lectionibus
1106 2632 1184 2688 quae
1208 2615 1310 2673 eisdem

299 2702 385 2762 libris
402 2703 567 2779 peculiares
587 2706 664 2762 sunt.
701 2701 844 2779 equibus
862 2718 973 2777 paucas
993 2702 1118 2760 adnoto:

390 2795 418 2866 1,
434 2794 497 2851 267
517 2794 601 2852 Haec
622 2810 690 2852 sera
711 2792 898 2864 subvenitque
925 2792 983 2849 tuo
1005 2792 1146 2850 sonnatio
1177 2795 1261 2853 anis
1283 2793 1309 2851 li·

298 2881 416 2940 brarius
430 2882 551 2957 quidam
562 2885 745 2954 exaraverat,
756 2900 823 2939 cum
835 2900 870 2939 ex
879 2880 1023 2939 memoria
1032 2898 1152 2940 versum
1167 2882 1310 2953 scriberet,

299 2989 354 3046 pro
373 2972 502 3049 genuina
515 2970 714 3030 collocatione¹
724 2970 917 3043 &edocuitque
931 2972 990 3029 tais
1007 2987 1075 3029 sero
1092 2970 1164 3029 boec
1182 2988 1246 3047 eqs.
1269 2972 1311 3047 qui

301 3078 382 3117 error
401 3060 532 3118 cernitur
549 3059 684 3120 inlibris
703 3062 913 3127 BLQMfrv.

391 3151 419 3223 3,
431 3151 492 3208 361
514 3143 1311 3223 msoapuesquemctuPo:monpuesrnctuBLQ¹rb¹.

389 3240 419 3314 4,
430 3239 493 3296 466
512 3240 626 3312 nefasto
639 3244 713 3298 Poe:
727 3239 856 3311 nefastos
869 3240 1106 3303 succurro
1122 3238 1179 3315 frg.
1189 3238 1311 3299 Monesi.

389 3329 419 3403 4,
432 3329 494 3386 704
513 3329 610 3387 amnis
628 3333 702 3387 Por:
721 3345 819 3389 manes
837 3319 1025 3386 B¹A¹M¹fb

391 3418 419 3492 5,
431 3418 492 3475 731
508 3419 581 3491 pius
599 3422 674 3477 Poe:
687 3420 777 3491 prius
794 3420 976 3484 BLQbe

391 3506 419 3581 6,
432 3509 471 3564 72
482 3525 525 3580 sq.
545 3505 736 3567 aberraverat
758 3506 898 3566 librarius
923 3503 1044 3580 quidam
1063 3524 1082 3563 a
1100 3496 1311 3589 (Mmmapu

300 3595 338 3653 ad
362 3586 540 3677 (Namque,
568 3597 671 3655 itaut
699 3614 779 3655 unus
802 3615 856 3672 pro
884 3594 998 3654 duobus
1021 3612 1124 3653 versus
1149 3597 1309 3656 exsisteret:

301 3686 486 3758 Maurusque
504 3685 549 3743 illi
572 3689 599 3743 ct
614 3687 774 3759 pharetras
792 3686 978 3757 brevioraque
997 3684 1054 3743 teca
1072 3683 1197 3745 dicarat.
1236 3689 1310 3745 cuim

301 3773 408 3833 erroris
426 3774 556 3851 vestigia
574 3776 692 3834 exstant
709 3775 740 3832 in
759 3774 843 3833 libris
862 3779 920 3835 BL
927 3776 1084 3840 QMch

373 3963 400 4031 1)
418 3961 453 4021 αἱ
471 3961 558 4015 deest.
