2959 4659
499 558 666 613 EDITOBIS
685 558 891 612 PRAEFATIO
1090 558 1202 612 LXXIII

181 730 366 790 Baehrens
390 730 575 788 coniecturas
599 745 669 787 suas
698 747 752 803 per
778 728 896 786 litteras
922 746 988 785 cum
1011 727 1201 788 Kohlmanno

225 819 467 878 communicavit.

180 908 330 968 Barthii
348 907 440 967 editio
454 909 664 981 postmortem
679 906 809 965 auctoris
823 905 938 982 prodiit
952 905 1090 982 Cygnece
1107 908 1201 965 1664.

180 998 347 1058 Bentleii
378 996 563 1056 coniecturas
590 994 743 1071 Hauptius
776 994 871 1054 edidit
898 986 1012 1077 (opusc.
1041 995 1088 1053 ΠΙ
1116 996 1199 1054 1876

225 1108 256 1163 p.
273 1077 473 1163 126-136).

179 1176 372 1236 Bernartii
391 1175 483 1233 editio
502 1174 687 1251 Antverpiae
708 1176 803 1233 1595.

179 1265 423 1339 Bitschofsky
441 1264 477 1323 de
496 1260 681 1338 Apollinaris
693 1263 811 1323 Sidonii
823 1264 928 1322 stadiis
942 1262 1086 1323 Statianis
1107 1264 1201 1322 1881.

179 1354 384 1413 Burmanni
403 1353 590 1412 coniecturae
614 1372 649 1409 01
667 1352 783 1411 Menln'i
805 1352 920 1413 schedis
940 1351 1020 1429 apud
1038 1351 1201 1411 Kohlman-

225 1464 301 1502 num
318 1444 496 1501 referimtur.
855 1503 857 1507 ,

179 1533 297 1608 Buryi
314 1533 502 1592 coniecturae
521 1531 601 1608 apud
616 1530 811 1590 Wilkinsium
829 1535 1045 1608 proponuntur.

179 1632 347 1706 Deipser,
366 1631 402 1689 cle
420 1630 453 1687 P.
473 1630 600 1702 Papinio
622 1628 716 1687 Statio
736 1630 857 1703 Vespitii
881 1632 907 1688 et
931 1628 1027 1689 Ovidii
1049 1630 1201 1689 imitatore.

226 1720 297 1779 diss.
316 1719 440 1797 Argent.
462 1720 480 1777 5
502 1709 628 1800 (1881).
1178 1709 1180 1713 ’

179 1810 321 1884 Deiter,
340 1808 450 1867 Philol.
472 1809 511 1866 57
533 1800 632 1887 (111.
650 1800 706 1889 11)
728 1807 813 1867 1898
833 1827 861 1883 p.
878 1808 1061 1866 343-344.

179 1898 335 1974 Dilthey
354 1897 394 1955 ad
413 1897 467 1955 Th.
483 1898 512 1969 6,
524 1898 587 1955 543
609 1896 690 1973 apud
707 1896 869 1955 Miilierum
887 1897 1036 1956 laudatur.

179 1987 346 2047 Dubnari
364 1987 456 2045 editio
475 1986 598 2045 Parisiis
619 1986 714 2044 1835.

178 2086 312 2145 Ellisii
331 2086 519 2144 coniecturae
538 2084 619 2159 apud
639 2082 819 2143 Garrodium
837 2087 901 2144 exst
942 2087 963 2142 t.

178 2174 377 2248 Erdmann,
402 2171 583 2233 Colleetanea
606 2173 704 2231 Flech.
724 2172 828 2232 Jahrb.
851 2176 911 2233 119
938 2166 1055 2255 (1879)
1079 2193 1108 2249 p.
1129 2174 1202 2233 832.

179 2273 429 2346 Friesemann,
447 2270 593 2331 Analecta
611 2273 711 2346 eritne
732 2272 817 2330 1786
838 2291 866 2347 p.
884 2273 1067 2331 203—227.

180 2370 352 2431 Garrodii
371 2370 463 2429 editio
483 2367 592 2428 0101111
611 2371 706 2429 1906.
723 2422 750 2436 ff

179 2460 354 2520 Govartii
373 2458 465 2519 editio
483 2457 624 2535 Lugduni
642 2458 828 2519 Batavorum
849 2460 943 2518 1616.

179 2548 363 2608 Gronovii
380 2548 472 2607 editio
491 2548 734 2607 Amstelodamae
756 2550 850 2609 1653.

224 2639 263 2698 of.
278 2636 425 2697 Gronovii
441 2639 474 2695 101
488 2637 522 2695 Ρ.
536 2638 658 2712 Papinii
671 2636 759 2696 Statii
772 2638 922 2697 8110011101
936 2638 1025 2697 libros
1041 2638 1070 2697 V
1079 2638 1203 2697 diatriba

226 2728 314 2787 1637
334 2719 395 2809 (ed.
413 2726 512 2801 Hand
530 2726 652 2803 Lipsiae
672 2719 782 2807 1812).

177 2815 332 2876 (11111011
351 2816 443 2875 editio
461 2815 678 2894 Heidelbergae
700 2817 795 2875 1600.

223 2907 262 2965 cf.
282 2904 406 2965 Gruteri
422 2907 602 2979 suspiciones
615 2907 648 2963 in
661 2904 748 2964 Stan'i
763 2906 851 2964 Theb.
864 2907 929 2964 libe.
944 2906 969 2963 Ι
983 2924 1048 2965 caan
1066 2904 1202 2968 antenod-

222 2996 409 3054 oersionions
427 2995 464 3054 F.
478 2996 605 3055 Handli.
642 2994 745 3073 Progr.
764 2994 858 3054 Jenae
880 2996 974 3054 1851.

178 3083 292 3143 Gudii
315 3084 503 3144 coniecturae
532 3103 567 3142 01
590 3084 705 3143 Menhii
727 3084 843 3144 schedis
872 3084 952 3162 apud
980 3083 1202 3143 Kohlmanuum

222 3174 406 3233 referuntur.
869 3174 871 3177 ’

177 3263 318 3338 Guyeti
336 3262 610 3322 animadversiones
632 3264 665 3321 in
683 3265 820 3323 versione
840 3261 956 3321 Gallica
975 3264 1094 3321 exstant
1113 3282 1203 3338 quam

223 3352 322 3411 edidit
339 3351 469 3411 Michael
487 3351 523 3410 de
541 3351 682 3411 Marollcs
701 3352 826 3413 Parisiis
847 3353 942 3411 1658.

224 3442 264 3500 cf.
283 3440 312 3499 J.
332 3440 397 3515 Uri,
413 3440 562 3514 Francois
576 3440 673 3515 (tepet
689 3441 777 3500 Pcn's
797 3442 892 3500 1886.

176 3530 214 3588 Ι).
241 3534 278 3589 01
300 3530 337 3588 N.
361 3529 594 3589 Heinsiorum
623 3532 811 3590 coniecturae
838 3550 873 3589 01
896 3530 1012 3589 Menkii
1034 3529 1149 3590 schedis
1173 3533 1203 3589 et

224 3620 374 3695 excerptis
392 3619 635 3679 Berolineusibus
654 3620 735 3695 apud
753 3620 913 3679 Mitllerum
933 3622 962 3677 et
980 3618 1203 3679 Kohlmanuum

223 3708 397 3768 laudantur.

176 3806 300 3882 Helm,
318 3808 354 3865 (le
371 3806 405 3867 P.
419 3806 542 3881 Papinii
559 3806 646 3866 Statii
667 3806 817 3867 Thebaide
837 3799 960 3887 1892.¹)

255 3954 281 4020 1)
299 3950 330 4005 in
348 3953 417 4005 nota
436 3950 473 4002 ad
492 3956 517 4017 6,
533 3956 565 4003 ol
587 3948 730 4017 adscripta
749 3964 841 4003 errore
861 3955 930 4004 1896
949 3948 1062 4019 legitur.
