2959 4659
291 569 404 623 LXVIII
602 567 770 622 EDITORIS
789 566 995 621 PRAEFATIO

290 739 453 798 mutaverit
470 770 515 779 —
532 758 625 796 unum
644 738 734 795 affero
759 737 924 813 exemplum
944 737 975 795 in
994 757 1026 796 re
1045 738 1180 796 confessa
1200 739 1233 813 5,
1251 741 1309 797 731

332 824 419 862 aeolides

291 883 456 955 cmfiuraus
470 873 510 940 Ρι
528 913 581 953 -,
600 885 726 955 apparet
744 882 776 938 in
794 880 956 955 exemplari
976 879 1084 939 codicis
1103 885 1129 938 P
1149 900 1165 937 e
1185 881 1310 959 vulgata

291 970 390 1030 varias
414 970 556 1029 lectiones
581 968 699 1028 additas
722 970 823 1028 fuisse.
861 970 963 1043 itaque
983 970 1014 1028 et
1032 970 1157 1045 vulgata
1176 988 1248 1029 eum
1267 989 1310 1029 co

291 1059 355 1119 dice
378 1059 491 1118 Iuliani
509 1058 727 1134 quodammodo
752 1059 910 1117 coniuncta
930 1061 974 1117 est
994 1060 1024 1116 et
1042 1063 1068 1116 P
1087 1078 1155 1117 cum
1174 1059 1310 1137 vulgata

289 1148 321 1209 id
340 1149 421 1224 quod
434 1149 557 1208 minime
576 1148 685 1205 mirum
699 1152 753 1221 est,
772 1148 948 1223 praesertim
963 1166 1029 1207 cum
1048 1167 1083 1205 ex
1103 1146 1216 1209 eisdem
1236 1150 1310 1226 regi·

291 1237 395 1297 onibus
411 1241 441 1297 et
455 1243 480 1297 P
495 1241 525 1296 et
540 1235 659 1295 codices·
669 1260 697 1294 ω
713 1236 858 1313 originem
877 1237 995 1295 duxisse
1010 1237 1252 1295 demonstratum
1265 1240 1310 1297 sit

357 1328 416 1385 huc
434 1346 530 1403 usque
553 1329 688 1386 nostrum
711 1329 776 1385 erat
799 1344 938 1401 separare
956 1325 1029 1384 duas
1049 1326 1157 1402 stirpes
1176 1330 1203 1385 P
1226 1334 1257 1385 et
1277 1352 1311 1396 ω,

290 1419 326 1474 ut
344 1416 422 1475 unde
441 1434 576 1493 quaeque
590 1416 678 1473 lectio
698 1418 796 1473 tracta
815 1419 899 1488 esset,
918 1414 1022 1474 liceret
1040 1432 1227 1492 cognoscere.
1252 1416 1311 1475 iarn

290 1505 372 1563 ultra
385 1505 602 1582 progredimur,
622 1507 656 1561 ut
670 1522 850 1579 exponamus
871 1504 1017 1579 quomodo
1032 1504 1190 1564 diversitas
1208 1508 1311 1581 stirpis

288 1594 441 1653 Iulianeae
465 1596 495 1652 et
518 1592 661 1670 vulgatae
680 1597 747 1652 orta
771 1595 818 1651 sit.
851 1611 921 1651 uam
941 1592 1077 1669 quamvis
1091 1598 1117 1652 P
1136 1595 1247 1654 ceteris
1266 1614 1311 1655 co·

289 1683 404 1742 dicibus
419 1683 584 1755 antecedat,
603 1685 704 1741 tamen
722 1702 784 1741 non
801 1684 911 1741 temere
925 1702 993 1741 eum
1008 1684 1093 1757 sequi
1105 1682 1185 1742 lieet.
1220 1684 1311 1742 immo

289 1791 358 1832 cum
380 1791 434 1831 nec
458 1771 740 1847 interpolationibus
764 1774 866 1831 careat
886 1771 935 1829 hic
959 1771 1050 1831 codex
1073 1789 1127 1830 nec
1150 1773 1311 1845 erroribus,

289 1880 469 1937 unoquoque
488 1862 554 1921 loco
573 1860 734 1937 diligenter
756 1860 956 1936 reputandum
975 1865 1029 1935 est,
1048 1862 1110 1919 utri
1129 1861 1222 1937 stirpi
1241 1861 1310 1921 fides

288 1952 330 2010 sit
351 1949 496 2009 habenda.
534 1951 616 2009 velut
639 1953 712 2025 quin
736 1951 765 2023 3,
782 1952 845 2009 710
863 1967 977 2023 parcae
999 1949 1075 2009 inP
1099 1969 1155 2025 pro
1179 1954 1310 2027 genuina

290 2039 417 2098 lectione
431 2043 519 2112 pater
537 2040 764 2116 interpolationi
778 2038 931 2113 debeatur,
949 2057 1009 2099 non
1028 2038 1141 2098 dubito.
1166 2041 1203 2098 cf.
1221 2043 1311 2099 etiam

292 2130 321 2201 7,
335 2130 377 2187 88
397 2147 456 2204 quo
475 2129 541 2187 loco
556 2147 657 2187 versus
676 2128 800 2187 mutilus
819 2127 910 2188 fnisse
928 2128 1048 2188 videtur
1065 2130 1097 2186 in
1117 2128 1221 2188 codice
1241 2130 1310 2189 Iuli·

290 2218 489 2276 animcadum
508 2236 602 2285 armo,
627 2217 707 2293 quod
730 2218 872 2277 damnum
895 2210 934 2276 Pl
952 2217 1095 2277 resarcire
1119 2221 1250 2279 conatus
1270 2224 1311 2279 est

289 2307 374 2367 iuxta
397 2307 549 2381 adscripta
571 2325 642 2366 voce
666 2309 816 2379 quiescant
834 2338 878 2346 —
896 2325 950 2365 neo
974 2306 1051 2366 enim
1076 2308 1221 2367 continuo
1242 2309 1311 2369 haec

289 2394 380 2455 verba
395 2396 506 2471 scripte
520 2398 590 2455 sunt
600 2415 657 2453 -τ
671 2416 744 2455 vera
758 2398 877 2455 servata
890 2399 960 2455 sunt
973 2398 1005 2454 in
1020 2416 1062 2454 ωε
1076 2398 1211 2455 condam
1227 2416 1311 2457 armo

289 2488 407 2545 curtata
456 2486 484 2560 8,
501 2485 564 2543 276
579 2486 701 2557 proditu
720 2506 763 2543 w:
777 2486 917 2558 prodigia
935 2490 961 2543 P
980 2485 1062 2560 quod
1080 2486 1193 2544 temere
1215 2492 1310 2546 muta·

289 2578 355 2633 tum
373 2573 493 2633 videtur
512 2593 546 2633 ex
566 2593 663 2633 errore
678 2576 810 2647 predica.
850 2575 878 2649 8,
895 2575 958 2634 536
979 2579 1056 2633 certa
1074 2576 1252 2649 tndigaatue
1272 2598 1311 2635 ωε

289 2668 397 2722 certam
414 2664 609 2738 indignantur
626 2668 666 2736 P;
689 2682 795 2738 nempe
814 2664 987 2737 indigeatur
1010 2683 1065 2739 pro
1085 2666 1145 2723 -tuc
1164 2667 1311 2741 scriptum

288 2752 357 2829 fuit,
372 2752 477 2811 deinde
491 2751 567 2810 illud
582 2751 719 2811 effectum
733 2756 769 2811 ut
783 2752 910 2827 quilibet
924 2770 1027 2811 sensus
1041 2754 1191 2812 existeret.
1222 2754 1310 2814 verba

289 2842 386 2901 latina
409 2841 536 2901 scribere
559 2843 632 2901 satis
656 2841 761 2899 habuit
784 2841 924 2900 librarius
943 2847 969 2901 P
988 2841 1080 2900 etiam
1106 2844 1158 2917 12,
1174 2843 1242 2902 672
1262 2845 1311 2903 ubi

288 2950 342 3005 pro
358 2932 494 3008 genuinis
506 2930 604 2990 verbis
618 2932 745 3004 imagine
759 2935 842 2989 toruo
855 2932 887 2988 in
898 2936 923 2990 P
936 2934 1033 2991 exstat
1044 2934 1077 2989 in
1091 2933 1210 3005 agmine
1225 2938 1311 2991 torvo.

290 3020 351 3079 alia
369 3020 609 3095 interpolationis
624 3021 759 3094 exempla
774 3038 864 3095 supra
879 3020 1021 3093 dedimus,
1037 3020 1098 3078 alia
1112 3020 1144 3077 in
1160 3026 1311 3097 apparatu

289 3108 391 3168 critico
410 3109 459 3168 hic
477 3109 541 3167 illic
559 3109 736 3169 notavimus,

355 3197 407 3256 sed
425 3199 460 3256 ut
477 3200 557 3257 recte
571 3196 682 3275 eligere
695 3198 852 3273 possimus,
871 3197 1018 3275 quomodo
1037 3198 1181 3275 vulgatae
1202 3199 1310 3260 disere

288 3286 410 3361 pantiae
430 3290 548 3346 exortae
563 3288 633 3361 sint,
652 3285 865 3347 enucleandum
885 3292 938 3346 est.
971 3307 1064 3345 unum
1078 3292 1182 3347 autem
1196 3290 1311 3349 fontem

288 3376 464 3435 mutationis
492 3375 605 3436 detexit
633 3375 705 3435 Otto
733 3368 889 3456 Muller¹),
916 3376 1082 3436 illustravit
1112 3372 1310 3457 Garrodiusss

288 3466 393 3540 paucis
412 3465 568 3541 exemplis,
586 3465 640 3542 sed
662 3486 697 3524 ex
715 3468 802 3541 parte
823 3465 919 3525 minus
938 3465 1061 3525 idoneis.
1107 3484 1180 3525 nam
1202 3472 1230 3543 1,
1245 3470 1309 3527 356

289 3556 405 3628 wentae
423 3556 509 3625 sacto,
530 3554 610 3629 quod
629 3558 726 3613 exstat
745 3556 777 3614 in
796 3556 878 3627 P⁰m,
898 3554 1073 3632 Vergiliana
1092 3549 1309 3637 auctoritate³)

289 3662 350 3703 esse
366 3645 539 3719 corruptam
557 3661 592 3701 ex
608 3646 737 3720 genuina
752 3645 878 3703 lectione
893 3646 1009 3717 agmine
1023 3662 1130 3719 magno
1144 3648 1308 3705 rectissime

361 3815 387 3882 1)
406 3813 436 3866 in
455 3813 639 3867 adnotatione
659 3814 695 3866 ad
714 3813 801 3868 Theb.
818 3819 842 3881 1,
857 3819 917 3867 366.

360 3887 386 3953 2)
405 3884 494 3953 praef.
513 3902 541 3952 p.
555 3882 601 3938 XL

361 3959 387 4021 3)
407 3955 442 4010 ct.
462 3956 531 4009 Aen.
547 3962 571 4021 1,
586 3959 628 4008 83.
649 3961 674 4021 8,
689 3960 741 4008 595
762 3954 976 4026 Georg.3‚167.
1047 3954 1049 3957 ’
