2959 4659
463 597 634 653 EDIRORIS
652 597 858 653 PRAEFATIO
1087 597 1166 652 XVII

165 772 222 829 dam
239 772 426 831 commissum
440 769 594 847 corrigam.
622 788 690 827 nam
707 767 787 843 quod
801 767 940 827 contendi
946 758 971 848 ¹)
986 767 1165 827 Berueneem

164 860 298 919 diversum
322 879 385 919 esse
408 859 446 918 ab
460 878 494 918 eo
508 857 643 918 Danielis
662 857 771 932 codice,
790 859 875 917 cuius
893 856 1035 917 lectiones
1053 857 1085 915 in
1104 858 1164 916 edi-

164 951 232 1009 lione
254 969 306 1009 sua
328 947 567 1025 Lindenbrogins
590 946 732 1023 protulit,
755 947 865 1005 falsum
887 949 939 1005 est.
976 947 1166 1007 consentiunt

164 1041 231 1097 enim
247 1038 382 1097 Danielis
400 1037 477 1096 liber
499 1036 537 1097 ab
560 1037 613 1095 illo
631 1035 772 1094 laudatus
796 1038 826 1094 et
844 1035 1003 1095 Berneneis
1024 1036 1085 1095 fere
1104 1054 1164 1095 om-

164 1128 208 1187 bus
225 1129 294 1187 locis
313 1130 404 1202 atque
424 1128 515 1185 etiam
529 1127 572 1186 eis
591 1124 698 1201 quibus
712 1143 807 1203 nugas
822 1143 892 1185 suas
906 1128 1056 1185 corrector
1069 1117 1106 1184 b²
1119 1127 1164 1183 in-

164 1219 278 1276 culcavit
301 1236 325 1274 e.
340 1237 369 1294 g.
389 1218 419 1291 4,
434 1217 507 1275 230.
528 1215 645 1293 6,196.
668 1216 784 1290 7,149.
822 1234 876 1291 ego
896 1214 1044 1289 quondam
1064 1217 1164 1273 motus

163 1324 217 1365 sum
233 1309 274 1366 eis
292 1307 485 1383 potissimum
503 1306 576 1364 locis
591 1303 699 1380 quibus
713 1303 928 1381 Lindenbrogii
941 1302 1017 1362 liber
1030 1303 1163 1362 Danieli-

163 1414 227 1455 anus
250 1397 280 1454 et
303 1394 464 1453 Beruensis
490 1394 668 1469 discrepant.
712 1397 782 1451 sunt
809 1395 908 1452 autem
939 1392 964 1451 si
990 1393 1163 1453 manifestos

163 1484 362 1561 lindenbrogii
376 1502 489 1543 errores
503 1484 678 1557 omittimus
696 1483 765 1558 plus
779 1483 879 1541 minus
893 1482 1019 1559 triginta
1037 1483 1104 1541 loci.
1129 1502 1164 1541 en

163 1574 256 1651 quibus
270 1575 482 1652 gravissimum
495 1575 549 1647 est,
565 1571 644 1648 quod
653 1572 704 1630 illo
718 1574 751 1629 in
762 1571 898 1631 omnibus
908 1572 968 1631 suis
978 1571 1062 1631 libn's
1073 1571 1162 1630 Theb.

163 1665 204 1736 12,
219 1666 255 1721 17
261 1666 278 1722 7
304 1661 468 1723 desiderari
490 1653 679 1740 contendit.¹)
722 1661 755 1719 id
779 1660 858 1736 quod
882 1677 983 1720 omnes
1002 1660 1061 1719 viri
1083 1660 1164 1720 docti

163 1753 238 1810 etiam
255 1751 294 1811 ad
306 1752 443 1811 Danielis
457 1752 589 1812 codicem
607 1750 796 1823 rettulerunt,
814 1762 914 1809 tamen
933 1749 983 1809 ubi
1003 1769 1021 1808 a
1035 1749 1163 1809 Linden-

163 1840 249 1919 brogio
259 1841 397 1900 undecim
406 1841 480 1901 locis
489 1842 631 1900 lectiones
640 1840 786 1898 Puteanei
799 1841 827 1897 ei
836 1838 962 1897 attribui
971 1840 1163 1921 perspexeris

163 1933 239 1989 etiam
257 1930 293 1989 de
312 1930 437 2006 reliquis
456 1932 531 2007 quin
548 1931 710 1989 maximam
723 1932 840 2003 partem
854 1948 935 1987 orror
954 1928 1076 1988 editoris
1095 1928 1161 1988 sub·

163 2018 198 2093 sit
218 2021 266 2079 vix
289 2019 451 2079 dubitabis.
488 2040 524 2079 ex
547 2017 654 2094 quibus
678 2018 836 2077 nonnullas
861 2018 899 2075 ad
917 2017 1027 2076 librum
1046 2018 1163 2078 Patavii

163 2110 253 2169 referre
271 2108 357 2184 lieet,
380 2128 440 2185 quo
458 2107 696 2185 Lindenbrogius
716 2110 748 2165 in
768 2106 898 2166 editione
916 2126 986 2167 usus
1006 2109 1060 2183 est,
1078 2126 1162 2183 prae·

162 2201 247 2256 sertim
269 2202 297 2273 1,
314 2199 378 2257 673
398 2198 573 2274 lachrymas,
591 2216 661 2255 nam
679 2202 702 2255 b
722 2198 861 2271 externplo
880 2196 1006 2256 exhibet.

425 2394 479 2455 HL
503 2394 645 2455 codices
665 2393 873 2454 Germanici

211 2519 456 2580 Germanicorum
470 2519 607 2579 codicum
620 2518 841 2578 vetustissimus
861 2518 920 2576 fuit
937 2520 964 2578 is
984 2518 1067 2577 cuius
1087 2537 1163 2577 unus
1177 2526 1206 2577 Δ

162 2611 245 2681 quinio
264 2609 389 2686 Lipsiae
410 2608 442 2666 in
462 2609 649 2668 Bibliotheca
667 2607 861 2683 Reipublicae
881 2607 1056 2666 adservatur
1075 2598 1161 2688 (Rep.

162 2694 236 2772 112⁸,
254 2699 343 2758 nobis
363 2690 414 2779 Δ).
441 2698 643 2775 fragmentum
663 2715 722 2773 quo
741 2697 932 2755 continentur
951 2696 1041 2754 Theb.
1057 2699 1086 2771 4,
1097 2698 1161 2755 352

162 2790 250 2847 -753
277 2787 393 2847 contuli
413 2786 535 2864 Lipsiae
558 2789 701 2845 autumno
725 2787 798 2844 anni
818 2786 912 2845 1903.
950 2787 1077 2862 scriptus
1097 2789 1162 2843 erat

163 2894 206 2949 pse
228 2877 321 2937 codex
349 2877 469 2936 saeculo
496 2877 524 2934 X
552 2875 731 2950 scholiisque
756 2876 830 2933 satis
857 2876 964 2950 amplis
989 2877 1160 2934 instructus.

162 2982 241 3024 amen
260 2967 343 3024 huuc
361 2965 471 3025 librum
494 2965 617 3041 periisse
640 2984 700 3023 non
718 2966 805 3023 tanto
824 2982 911 3039 opere
931 2964 1089 3023 dolendum
1107 2966 1161 3039 est,

162 3059 302 3130 ›ropterea
326 3055 407 3132 quod
430 3056 493 3114 eius
517 3055 685 3132 fragmento
709 3052 819 3112 collato
843 3052 1023 3131 ostenditur,·
1047 3056 1162 3130 quanta

162 3139 302 3220 liligentia
321 3147 496 3221 quantaque
515 3163 586 3203 cura
604 3144 640 3201 de
656 3142 818 3218 exemplari
837 3161 889 3201 suo
904 3144 1102 3217 transcriptus
1122 3144 1162 3202 sit

163 3233 323 3383 aeedldoddbd
332 3322 611 3399 Bambergensis
624 3321 711 3381 NIV
728 3325 771 3380 11
785 3312 850 3403 (1³),
865 3323 919 3397 qui
931 3320 1013 3381 foliis
1029 3322 1069 3379 93
1086 3321 1161 3379 'lhe-
1175 3327 1202 3380 B

162 3410 257 3470 ›mdem
277 3432 346 3471 cum
365 3412 485 3472 scholiis
504 3412 629 3489 largiter
648 3410 806 3487 adscriptis
824 3411 966 3469 continet.
1005 3429 1064 3485 quo
1083 3410 1160 3469 libro

162 3498 255 3560 »rimus
269 3499 345 3560 Otto
359 3501 470 3560 Moller
487 3519 558 3561 usus
578 3503 672 3561 estin
691 3519 741 3560 sex
761 3499 908 3575 prioribus
927 3500 1012 3559 libris
1031 3499 1160 3559 edendis.

162 3582 209 3645 lein
221 3589 431 3650 Kohlmannus
449 3591 482 3648 in
501 3590 547 3649 his
561 3589 647 3648 libris
660 3590 788 3648 Munera
806 3589 901 3649 fretus
920 3588 957 3649 ad
973 3608 1022 3648 sex
1036 3590 1161 3663 posteri·
1177 3580 1180 3585 ’

210 3780 236 3846 1)
255 3778 358 3832 Rhein.
373 3776 445 3832 Mus.
461 3782 494 3831 69
510 3779 600 3847 (1904)
619 3795 647 3846 p.
662 3782 715 3831 384
733 3776 798 3830 adn.
815 3782 839 3831 1.

169 3914 175 3925 .
211 3852 236 3917 2)
256 3851 335 3918 quod
358 3863 455 3903 omnes
479 3848 590 3904 codices
613 3865 678 3903 euos
700 3847 776 3901 hunc
793 3864 905 3902 versum
926 3863 984 3902 non
1008 3864 1158 3917 agnoscere

162 3913 219 3985 huit
241 3919 285 3975 ita
309 3922 404 3991 potest
427 3920 576 3990 explicari,
594 3922 627 3973 ut
646 3936 709 3975 eum
728 3936 785 3973 non
804 3919 900 3973 codice
918 3924 934 3973 b
954 3919 1024 3988 ipso,
1044 3919 1093 3972 sed
1113 3934 1158 3971 ex-

163 3991 242 4056 aspris
262 4008 279 4047 a
300 3991 419 4048 Daniele
437 3992 522 4047 factis
539 4008 621 4045 usum
640 4007 700 4045 esse
719 3993 884 4045 statuamus.

196 4087 300 4133 sauma
314 4092 431 4133 'lmus
980 4077 998 4130 b
