2959 4659
495 544 663 600 suffosis
681 544 888 600 PRAEFATIO
954 558 959 567 '
1144 546 1205 601 xm

158 718 297 775 verbum
315 714 514 774 emendatum
534 717 578 774 est
597 717 628 773 et
641 739 667 787 μ
685 720 772 790 atquc
790 716 877 775 offert
894 736 949 792 pro
969 721 1002 789 et,
1021 735 1097 793 quae
1116 717 1205 777 lectio

159 807 371 865 coniecturae
395 804 499 863 deberi
521 804 653 879 videtur,
673 805 809 881 quamvis
833 804 990 880 probabili.
1032 824 1085 865 nec
1104 806 1203 866 minus

159 912 278 954 versus
296 894 370 953 hiat

264 1003 298 1076 6,
315 1002 383 1060 446
405 998 547 1060 Admetus
566 1002 634 1060 loco
648 1020 713 1061 cum
727 1003 844 1061 taudem
862 1004 900 1061 cb
919 1002 986 1061 orbe
1003 1004 1130 1063 reductis
1144 1022 1203 1080 eqs.

161 1110 220 1168 ubi
241 1109 348 1168 variis
366 1108 545 1182 rationibus,
571 1109 623 1168 sed
641 1110 725 1167 nulla
743 1108 894 1185 probabili
912 1128 930 1177 ς
949 1108 1092 1169 damnum
1110 1130 1204 1171 resar-

161 1202 231 1258 cire
254 1198 364 1257 conati
383 1200 461 1257 sunt.
499 1199 591 1257 etiam

269 1308 300 1380 7,
317 1307 383 1365 205
403 1306 586 1381 Expupnarc
604 1307 672 1365 dedi
689 1324 755 1366 mcc
774 1311 815 1366 est
832 1309 949 1366 iactura
962 1309 1097 1382 pipetqcc

163 1416 232 1473 huc
251 1412 400 1490 pertinet.
434 1432 505 1471 nam
518 1430 585 1485 -quc
598 1415 668 1489 post
686 1432 752 1473 mcc
766 1414 908 1474 excidisse
931 1414 1006 1473 mihi
1028 1434 1204 1491 persuasum

165 1506 226 1563 est
270 1502 451 1579 saepissime
469 1503 549 1560 enim
564 1521 631 1575 -quc
650 1504 792 1562 omissum
812 1507 864 1579 est,
884 1503 936 1563 ubi
953 1503 1034 1564 linea
1052 1524 1106 1580 per
1123 1506 1203 1564 litte-

163 1613 239 1651 ram
261 1592 288 1660 Q
313 1592 409 1650 ducta
432 1610 492 1667 qua
514 1591 722 1667 compendium
746 1592 871 1652 indicari
895 1593 1023 1667 solebat,
1047 1596 1125 1655 male
1147 1614 1202 1670 pro

164 1681 299 1742 delendi
318 1683 407 1759 signo
426 1684 472 1740 est
491 1674 649 1763 accepta.¹)

242 1774 356 1830 contra
374 1772 480 1830 auctus
498 1773 544 1829 est
562 1790 664 1830 versus
681 1790 743 1829 nna
762 1771 878 1847 syllaba

269 1880 300 1952 5,
317 1879 383 1937 643
402 1878 464 1937 Hic
480 1895 541 1937 sese
558 1876 706 1953 Argolicis
723 1881 883 1939 immunem
900 1882 1036 1939 socchot
1053 1882 1091 1941 cb
1110 1885 1203 1941 cerato

165 1989 257 2046 sicut
268 1987 304 2043 in
320 1984 459 2044 omnibus
471 1984 623 2044 codicibus
637 1988 743 2059 exstat,
758 1986 817 2046 nisi
832 1986 912 2061 quod
923 1992 1022 2047 servae
1035 1991 1203 2047 correctura

166 2076 320 2133 effectum
343 2077 391 2133 est
413 2092 431 2132 a
449 2066 534 2148 ΒΨ,
552 2079 651 2133 servat
672 2076 818 2150 scriptum
840 2077 870 2133 in
891 2080 961 2135 Mb.
1000 2078 1051 2136 sed
1070 2097 1135 2137 cum
1154 2097 1201 2137 co-

169 2165 259 2223 dices
284 2182 354 2223 cum
382 2168 445 2222 Mb
458 2166 590 2241 'cognati
616 2166 753 2223 smccbct
780 2165 951 2243 exhibeant,
974 2166 1005 2224 in
1029 2167 1075 2226 his
1098 2187 1202 2227 verum

170 2255 354 2313 coniectura
371 2256 544 2312 revocatum
562 2272 625 2311 esse
644 2256 777 2329 apparet.

246 2342 384 2419 singulas
407 2345 509 2401 autem
534 2344 733 2418 corruptelas,
754 2363 828 2419 quae
848 2344 1022 2421 plerumque
1042 2346 1129 2405 unius
1149 2350 1202 2405 eut

172 2434 309 2491 duarum
331 2432 503 2490 litterarum
525 2434 608 2506 suut,
632 2433 747 2491 adferre
771 2452 831 2492 non
856 2452 929 2510 opus
953 2438 1004 2494 est.
1047 2434 1086 2493 sd
1108 2456 1201 2495 uuum

174 2522 314 2581 codicem
328 2538 431 2580 omnes
446 2524 563 2581 nostros
578 2521 675 2580 redire
688 2541 774 2580 nemo
789 2522 845 2580 ibit
859 2523 979 2583 infitias.
1000 2543 1087 2600 quem
1100 2526 1199 2584 arche-

172 2618 286 2688 typum
311 2614 381 2670 ante
404 2610 602 2669 Dracontium
625 2613 770 2686 scriptum
794 2630 856 2672 esse
880 2612 976 2673 efficio
1001 2633 1036 2673 ex
1058 2614 1199 2674 Dracont.

174 2701 424 2774 Rom.10‚165,
447 2700 500 2758 ubi
517 2702 641 2774 impeper
664 2702 724 2759 cles
748 2720 784 2759 ex
801 2701 970 2761 imitatione
991 2704 1051 2761 loci
1070 2702 1200 2762 Statiani

175 2788 270 2849 Theb.
287 2793 317 2863 1,
332 2791 396 2848 292
422 2788 535 2847 dictum
559 2793 611 2848 est.
649 2788 727 2848 idem
745 2792 777 2848 in
797 2790 934 2849 omnibus
954 2792 1104 2852 codicibus
1122 2795 1200 2852 anti·

176 2881 247 2956 quis
265 2880 429 2938 invenitur.
462 2880 562 2937 tamen
581 2879 653 2954 quin
666 2882 747 2939 recte
761 2879 948 2940 emendatum
968 2882 1007 2940 sit
1025 2883 1057 2940 in
1075 2885 1198 2941 recenti·

177 2968 280 3028 oribus
299 2970 425 3043 impipcr
442 2968 501 3027 clio
519 2967 657 3043 equidem
675 2987 735 3027 non
755 2968 866 3028 dubito.

244 3077 338 3117 unam
363 3059 464 3116 autem
492 3057 575 3115 illam
599 3058 759 3117 Thebaidis
781 3061 955 3119 memoriam
982 3060 1044 3119 iam
1067 3063 1199 3137 antiquis

177 3147 365 3223 temporibus
379 3147 410 3204 in
426 3146 500 3207 duas
515 3147 622 3206 abiisse
636 3149 754 3223 stirpes,
774 3150 825 3223 qui
838 3150 952 3225 primus
968 3150 1125 3225 quaesivit,
1141 3170 1199 3227 qua

178 3235 296 3296 ratione
310 3238 392 3295 inter
406 3255 436 3295 se
452 3236 565 3295 codices
581 3236 712 3296 Statiani
730 3238 931 3311 cohaererent,
946 3236 1018 3299 Otto
1032 3238 1141 3298 Miiller
1154 3243 1198 3299 in·

179 3324 293 3386 dicarit
314 3327 418 3402 potius
447 3345 537 3401 quam
559 3319 814 3399 demonstravit.²)
855 3348 925 3387 nam
948 3347 1015 3387 cum
1038 3328 1198 3389 editionem

181 3414 301 3473 doctam
318 3419 411 3490 atque
431 3416 562 3490 amplam
583 3415 669 3474 bonis
688 3415 830 3492 auspiciis
849 3418 1020 3478 inchoatam
1038 3437 1098 3477 non
1116 3420 1198 3479 ultra

181 3504 309 3579 primum
331 3504 475 3564 volumen
497 3504 683 3578 produxerit,
705 3506 917 3583 prolegomena
941 3507 1050 3582 quibus
1074 3512 1139 3567 erat
1162 3508 1198 3569 de

182 3593 331 3653 codicibus
354 3593 576 3669 disputaturus,
604 3592 820 3654 desiderantur.
863 3598 915 3671 qui
939 3615 1009 3656 vero
1036 3600 1105 3657 ante
1131 3618 1198 3658 eum

183 3680 313 3741 Statium
332 3682 499 3757 ediderunt,
517 3681 545 3740 ei
563 3682 619 3741 hoc
632 3684 681 3741 rol
698 3684 752 3743 illo
767 3684 866 3744 codice
880 3685 1015 3745 adhibito
1029 3689 1147 3746 textum
1165 3689 1197 3747 in

252 3871 279 3939 1)
297 3871 408 3924 ceterae
427 3869 604 3924 coniecturae
621 3869 727 3926 nullius
746 3871 833 3941 pretii
851 3874 924 3926 sunt.

253 3942 278 4011 2)
296 3940 327 3995 P.
341 3940 444 4016 Papini
458 3940 532 3996 Stati
546 3940 669 3997 Thebais
688 3945 717 3996 et
734 3942 871 4000 Achilleis
885 3944 898 3997 I
913 3949 982 4000 18⁷0
1000 3961 1028 4012 p.
1043 3943 1101 3999 VII.
