2959 4659
512 569 804 626 THEBAIDOSAEIB.
819 571 854 628 ll.
1148 573 1192 637 67

169 736 238 799 fata
261 756 389 819 parens,
413 736 588 818 oculosque
611 737 687 818 polo
711 735 880 800 demittere
904 737 1036 819 siquos

167 822 303 888 Iustitia
326 827 359 887 et
381 827 506 889 reatum
529 825 624 888 terris
648 822 944 890 defendereourat:
1092 855 1108 862 ··
1140 841 1193 890 360

167 914 238 978 fors
262 913 369 976 aderit
390 914 448 976 lux
471 913 529 976 illa
551 912 621 993 tibi,
645 934 709 997 qua
732 914 859 978 moenia
883 934 994 979 oernes

168 1002 321 1087 coniugis
345 1006 378 1066 et
401 1001 546 1087 geminas
570 1001 633 1065 ibis
656 1002 769 1088 regina
791 1025 848 1086 per
870 1002 987 1066 urbes!

239 1092 287 1156 sio
309 1091 366 1175 ait,
388 1095 422 1154 et
444 1112 519 1155 earo
543 1092 661 1175 raptim
686 1113 719 1155 se
743 1091 856 1156 limine
879 1093 1010 1176 profert.

167 1180 282 1264 Tydea
304 1181 370 1244 iam
393 1181 517 1244 socium
540 1181 672 1263 coeptis,
694 1182 761 1244 iam
784 1185 914 1264 peotore
937 1181 1002 1245 fido

167 1273 365 1354 aequantem
389 1290 482 1333 ouras
506 1307 548 1315 -
572 1273 682 1333 tantus
706 1275 783 1353 post
804 1270 911 1355 iurgia
933 1275 1057 1334 mentes
1140 1270 1192 1335 366

168 1358 279 1423 vinxit
302 1380 393 1422 amor
416 1395 458 1404 -
484 1379 692 1442 socerumque
705 1359 845 1423 'adfatur
867 1358 970 1423 tristis
993 1358 1188 1424 Adrastum

168 1449 209 1512 fit
232 1469 324 1512 mora
347 1447 494 1531 oonsilio,
517 1469 590 1512 oum
613 1449 717 1512 multa
740 1447 944 1513 moventibus
968 1471 1033 1514 una
1065 1470 1067 1475 ·
1168 1474 1171 1478 ·

168 1538 236 1600 iam
251 1536 370 1620 potior
393 1537 519 1602 eunetis
544 1536 627 1601 sedit
641 1537 817 1620 sententia,
840 1537 951 1602 fratris

170 1629 390 1709 pertemptare
412 1625 510 1690 fidem
533 1629 685 1709 tutosque
708 1627 741 1689 in
765 1648 866 1711 regna
887 1626 1047 1710 precando

169 1715 340 1798 explorare
363 1714 479 1778 aditus.
526 1715 630 1779 audax
654 1737 691 1778 ea
713 1737 848 1779 munera
861 1715 998 1798 “Tydeus
1133 1731 1193 1779 =370

169 1808 289 1888 sponte
313 1803 496 1888 subit3neo
518 1824 584 1868 non
607 1808 640 1867 et
663 1809 703 1881 te,
726 1805 903 1870 fortissime
926 1805 1032 1890 gentis

167 1893 337 1976 Aetolum,
360 1891 501 1956 multum
524 1893 666 1957 laorimis
690 1897 806 1958 conata
828 1895 947 1958 morari

167 1982 321 2067 Deipyle,
344 1981 400 2046 sed
424 1982 510 2046 iussa
532 1981 634 2065 patris
658 1982 786 2065 tutique
809 2003 973 2066 regressus

165 2071 281 2156 legato
305 2072 473 2154 iustaeque
495 2092 606 2154 praees
629 2072 736 2135 vicere
759 2072 888 2135 sororis.

240 2160 371 2243 iamque
394 2181 542 2224 emensus
565 2159 627 2224 iter
650 2158 740 2223 silvis
764 2182 802 2225 ae
824 2161 919 2224 litore
943 2161 1068 2243 durum,
1140 2176 1193 2225 375

168 2272 237 2333 qua
259 2248 405 2313 Lernaea
427 2249 519 2333 palus
544 2248 755 2331 ambustaque
779 2250 926 2314 sontibus
950 2249 1014 2315 alte

167 2340 297 2424 intepet
320 2337 423 2423 hydra
445 2338 544 2421 vodis,
567 2342 601 2402 et
624 2359 687 2422 que
712 2339 767 2402 vix
790 2345 930 2404 carmine
952 2361 1038 2423 raro·
1128 2364 1133 2373 ·

167 2429 272 2514 longa
296 2431 389 2491 sonat
411 2426 534 2491 Nemea
557 2426 701 2491 nondum
725 2428 909 2510 pastoribus
932 2429 1028 2512 ausis,

168 2539 237 2600 qua
259 2515 346 2580 latus
369 2514 457 2581 Eoos
480 2515 635 2601 Ephyres
654 2517 740 2599 quod
764 2519 870 2603 vergit
891 2518 933 2581 ad
956 2539 1049 2582 euros

245 2675 297 2745 677
318 2693 396 2747 Mioo
411 2697 461 2746 217
481 2667 591 2761 intepet
609 2681 680 2760 ydra
695 2734 700 2745 .
714 2733 719 2745 .
733 2709 797 2746 raro

244 2893 298 2943 666
317 2865 453 2957 oouldque
471 2893 503 2941 Ρ)
563 2889 710 2942 demittere
733 2894 784 2941 BR
808 2891 950 2943 Mentior:
980 2888 1121 2942 dimittere
1140 2893 1194 2941 Ρω

225 2961 341 3028 siquos
364 2965 430 3014 Pro:
455 2959 555 3028 siqua
578 2962 747 3016 Bernartius
819 2965 868 3014 661
894 2959 1038 3013 adheritr
1095 2960 1194 3028 ipsae

225 3048 323 3087 cernes
338 3031 423 3086 eor-is
439 3031 473 3084 1³²
545 3036 597 3084 366
612 3031 777 3102 agiu-gor
829 3035 944 3101 raptum
957 3037 981 3085 t:
1000 3033 1147 3114 praptn'm
1160 3030 1195 3085 ν’

226 3162 280 3210 366
300 3156 417 3210 Vinoxit
433 3103 604 3210 nb2ii1hnxit
623 3155 658 3216 α’
728 3161 779 3210 367
799 3157 846 3210 Fit
864 3162 931 3210 Por:
947 3104 1010 3210 {1320
1027 3154 1141 3208 1¹n⁰r²

167 3231 316 3282 367-468
331 3230 396 3293 ing
414 3228 512 3282 deerant
529 3228 635 3282 duobus
648 3229 725 3295 solist
739 3230 837 3283 weram
909 3232 961 3281 668
979 3227 1038 3281 Iam
1054 3227 1193 3293 ssva:

166 3301 229 3354 Iam
244 3316 281 3354 ece
291 3297 366 3352 Nam
375 3305 408 3353 1²:
422 3298 497 3352 Nam
507 3297 533 3368 (t
541 3299 593 3353 hee
603 3298 637 3369 1¹)
648 3317 675 3353 ω
740 3305 791 3353 369
806 3301 1013 3368 praetemptare
1028 3315 1045 3358 ς
1060 3299 1194 3353 Heinsius

223 3383 361 3473 tiitosque
380 3404 412 3456 0²
464 3405 627 3460 vooandoc
700 3411 752 3460 670
770 3407 907 3471 munerad
925 3409 958 3460 B:
977 3372 1094 3460 minutia
1117 3412 1141 3458 1¹

170 3530 269 3602 subigt
288 3529 345 3599 (·i-)
359 3535 383 3584 t:
403 3529 491 3584 subiit
509 3537 560 3596 Lu
624 3535 675 3584 872
695 3531 820 3585 lacrimis
834 3530 955 3583 multum
969 3536 993 3582 77
1036 3490 1137 3584 conatii
1147 3482 1195 3583 eddt

170 3601 210 3655 ι’
266 3601 372 3655 morari
396 3604 439 3655 est
460 3607 484 3653 u
567 3606 619 3655 674
643 3603 745 3657 sororis
768 3620 802 3657 ex
824 3620 866 3655 -es
890 3602 925 3654 13¹
1006 3607 1057 3655 376
1081 3600 1143 3666 Qua
1161 3620 1195 3656 eor

172 3709 250 3775 Quae
280 3707 316 3768 α’
379 3707 551 3763 fontibuso
631 3715 682 3763 arr
711 3686 784 3763 arat
811 3709 845 3760 1³¹
907 3709 954 3763 vix
981 3726 1014 3764 ex
1041 3708 1083 3762 vis
1110 3708 1141 3761 s1

173 3821 224 3870 678
244 3832 345 3870 nemea
365 3833 406 3869 or:
425 3821 578 3869 nemeae?
651 3821 701 3870 679
721 3816 797 3884 quod
813 3793 903 3880 veriit
916 3821 960 3869 1²⁰:
980 3815 1193 3883 quodvertitD:

173 3887 320 3957 eonvergit
339 3888 482 3942 Baehrens
554 3905 586 3942 eo
606 3887 756 3956 osephyres
776 3891 809 3941 B:
834 3886 1028 3958 eoosgephires
1048 3887 1140 3956 (-t-)b

173 3975 254 4014 euros
274 3976 308 4014 ex
327 3964 446 4012 aurose

727 4185 860 4253 A
