2959 4659
520 574 731 629 THEBAIDOS'
745 576 811 630 LIB.
826 576 859 629 V.

165 739 323 825 perdidit
346 761 411 803 une
435 759 546 803 omnes
570 739 683 803 orbate
706 740 876 823 excisaque
898 739 999 804 fundo

166 830 364 913 indigenas:
386 850 454 893 non
477 850 552 892 srva
575 828 645 912 viri,-
668 850 733 893 non
757 849 897 913 aequora
919 833 1058 912 vertunt,

166 920 364 985 conticuere
388 918 512 1001 domus,
536 938 631 981 cruor
654 916 738 981 ultus
762 921 795 981 et
818 917 920 982 oblite
943 939 1050 984 cresso
1147 936 1221 985 310.

166 1012 296 1073 cuncta
320 1006 438 1071 rubent
461 1006 547 1088 tabo,
571 1028 770 1092 magnaeque
793 1008 827 1070 in
850 1007 1019 1072 moenibus
1042 1008 1134 1073 urbis
1224 1066 1239 1083 A„

166 1119 233 1161 nos
260 1100 391 1160 tuntum
416 1099 448 1159 et
471 1095 555 1159 saevi
581 1097 705 1180 spirent
727 1118 786 1180 per
809 1095 951 1161 culmine
973 1119 1091 1162 menes.
1231 1097 1237 1106 ’

168 1187 249 1270 ipsa
273 1206 404 1270 quoque
428 1184 552 1249 arcanis
575 1186 653 1250 tecti
676 1185 710 1249 in
733 1184 952 1269 penetralibus
975 1184 1042 1251 alto

168 1275 300 1339 molior
324 1276 400 1360 igne
422 1296 545 1358 pyram,
568 1277 731 1358 sceptrum
756 1296 852 1358 super
874 1297 1025 1358 armaque
1047 1276 1149 1359 patris

168 1364 277 1428 inicio
304 1367 336 1427 et
358 1367 452 1428 notes
475 1383 589 1449 regum
612 1363 770 1428 velamine
793 1367 907 1447 vestes,
1148 1382 1200 1429 315

170 1475 212 1518 ac
237 1474 345 1537 prope
368 1456 489 1516 maeste
512 1473 629 1538 rogum
652 1452 796 1517 confusis
820 1452 950 1538 ignibus
973 1453 1065 1518 adsto

171 1564 255 1607 ense
280 1544 459 1623 cruentato,
482 1540 691 1625 fraudemque
715 1545 747 1605 et
771 1542 879 1606 inanis
901 1542 997 1607 busta

172 1634 303 1717 plango
327 1633 425 1713 metu,
448 1630 476 1694 si
499 1630 583 1695 forte
606 1633 763 1715 prement,
787 1652 976 1714 cessumque
999 1633 1126 1716 petenti

174 1742 277 1785 omen
301 1723 335 1783 et
357 1719 417 1784 hec
439 1718 556 1783 dubios
579 1718 636 1784 leti
660 1741 774 1804 precor
796 1720 842 1785 ire
866 1721 1007 1785 timores.

174 1810 229 1873 his
255 1808 339 1875 mihi
361 1830 421 1892 pro
445 1809 578 1890 meritis,
600 1812 637 1872 ut
660 1809 736 1874 falsi
759 1809 904 1873 criminis
927 1814 1000 1874 estu
1148 1826 1200 1875 320

174 1902 275 1983 parte
298 1898 388 1981 fides,
410 1919 509 1983 regne
533 1900 565 1962 et
589 1897 670 1963 solio
695 1898 861 1963 considere
884 1899 985 1982 petris
1010 1936 1052 1945 —

176 1987 392 2071 supplicium!
416 2024 457 2033 —
483 1986 585 2051 detur.
631 2010 713 2052 enne
737 1986 803 2052 illis
827 1988 958 2053 obsessa
980 1989 1154 2073 negarem?

177 2077 310 2161 accessi,
334 2099 429 2160 ssepe
453 2080 526 2141 ente
549 2076 626 2140 deos
649 2080 768 2141 testata
791 2078 951 2161 fidemque

177 2165 412 2249 inmeritasque
436 2187 563 2250 manus3
588 2164 688 2230 subeo
711 2204 756 2213 -
778 2187 837 2250 pro
862 2166 931 2230 dira
954 2168 1111 2250 potestas!
1134 2204 1203 2239 -,

179 2275 344 2339 exsangue
354 2254 526 2338 imperium
536 2258 569 2319 et
578 2258 735 2319 maestam
746 2254 815 2320 sine
825 2254 966 2320 culmine
975 2254 1129 2321 Lemnon.
1149 2272 1200 2323 825

180 2345 246 2409 iem
270 2344 376 2429 magis
399 2347 496 2427 atque
518 2343 623 2428 magis
645 2344 762 2429 vigiles
785 2344 878 2409 dolor
900 2366 1017 2431 angere
1040 2366 1161 2427 sensus,

180 2437 212 2498 et
235 2433 380 2519 gemitus
404 2432 490 2515 clari,
513 2436 545 2497 et
567 2432 725 2517 paulatim
750 2433 854 2498 invise
875 2433 1010 2517 Polyxo,

252 2577 306 2626 308
325 2572 474 2640 excisaque
493 2577 558 2627 Ρωι
588 2588 759 2641 excusseque
784 2574 941 2629 Garrodiuc
964 2574 995 2628 cl.
1018 2578 1044 2640 3,
1058 2577 1125 2629 249:
1155 2592 1201 2628 ex-

182 2645 295 2713 citaque
314 2644 464 2710 Boethius,
483 2643 530 2698 sed
548 2645 582 2711 cf.
600 2644 673 2699 Giris
687 2648 724 2699 52
777 2643 865 2698 fundo
880 2661 897 2704 ς
912 2645 1067 2701 Bmtlcius:
1095 2645 1200 2700 mundo

717 2719 828 2757 innunt

180 2774 233 2823 Ρω
304 2773 355 2822 309
371 2784 492 2823 amem:
508 2774 655 2823 urmel’Z
716 2772 830 2823 vertunt
848 2769 882 2821 L¹
964 2775 1015 2823 310
1039 2770 1137 2824 domus
1160 2788 1200 2824 ωε

183 2876 319 2929 domos?
409 2879 460 2929 311
484 2875 600 2929 madent
622 2881 646 2928 n
717 2843 838 2947 lsmegne
861 2844 1003 2947 'fusoque
1028 2877 1062 2932 v¹
1134 2893 1201 2945 -que

182 2964 202 3001 s.
227 2948 244 3002 1.
268 2945 314 2999 1⁰
405 2951 545 3001 313-333
574 2949 605 3001 ic
632 2954 654 3000 1)
677 2965 768 3018 paene
796 2951 910 3003 extincti
1000 2953 1052 3002 313
1077 2947 1107 3001 in
1135 2949 1199 3003 add.

183 3071 203 3109 s.
227 3056 244 3107 1.
270 3059 288 3105 c
369 3052 562 3122 penetralibus
592 3071 626 3109 cc
653 3054 816 3108 trabilibus
844 3056 926 3114 B¹Qb
999 3033 1056 3110 cltb
1084 3055 1130 3122 1³¹3
1164 3074 1200 3110 an

184 3158 296 3213 altem?
369 3164 421 3214 314
439 3136 618 3228 {opimum
691 3166 743 3215 313
762 3161 902 3216 velamine
919 3167 975 3222 1³3:
995 3163 1154 3231 gestamine.
1173 3181 1201 3217 ω

236 3236 288 3285 316
307 3230 421 3300 ignibus
439 3237 493 3286 Ρω
512 3233 595 3300 (quod
607 3233 756 3301 explicavit
775 3234 891 3288 Vollmer
905 3238 980 3288 1836
991 3251 1020 3304 p.
1040 3238 1098 3303 33):
1118 3234 1202 3288 crini-

184 3304 236 3357 bus
255 3319 272 3361 ς
291 3303 501 3368 cummanum
521 3305 664 3417 οῇξξέοΒθΙ
721 3305 846 3359 contusis
863 3305 1005 3375 unguibus
1025 3307 1148 3361 Eubius

185 3433 235 3481 318
254 3386 291 3497 ἒ
309 3426 353 3551 (Ἡ
373 3427 408 3486 Q¹
480 3433 531 3482 313
550 3427 621 3482 hese
639 3427 697 3483 1⁰:
723 3430 775 3484 hos
794 3446 827 3485 ex
845 3429 914 3484 haec
933 3429 959 3482 1²
1031 3382 1200 3496 3203112

185 3502 244 3553 eti
312 3497 327 3551 f
354 3498 378 3553 si
397 3499 462 3570 (sii
481 3502 511 3568 Q)
532 3517 572 3554 w:
601 3498 667 3553 fclsi
690 3500 759 3553 inl‘
786 3502 901 3566 fortasse
924 3510 1005 3567 recte,
1027 3504 1061 3570 cf.
1078 3508 1102 3567 1,
1114 3507 1149 3555 77

1004 3575 1137 3615 {considers

187 3629 235 3678 321
255 3640 341 3694 regns
358 3629 390 3678 1³:
414 3639 501 3693 regno
521 3642 557 3691 ω,
576 3626 611 3692 cf.
632 3624 750 3681 Vollmer
769 3630 843 3680 1896
856 3643 888 3695 p.
902 3630 940 3681 29
992 3625 1147 3681 *consistere
1167 3626 1202 3685 0¹
1300 3681 1303 3687 .

971 3701 1084 3740 iconius

237 3752 288 3802 333
316 3746 437 3802 culmine
465 3754 531 3804 Ρωι
561 3748 594 3801 et
614 3750 732 3820 coniuge
761 3750 860 3822 B'm.
889 3756 941 3805 12⁰:
971 3710 1092 3805 culmiiie
1116 3750 1200 3818 Q¹v';

187 3825 215 3874 Σ
225 3827 367 3889 utramque
391 3820 530 3875 lectionem
548 3823 631 3885 coeit,
651 3822 697 3875 ced
716 3821 835 3890 coniuge
854 3825 885 3875 in
904 3829 992 3888 tenc,
1012 3822 1132 3877 culmine
1146 3823 1201 3891 pro‘

187 3893 263 3946 caria
280 3892 390 3947 tectim
443 3890 507 3945 lenc
526 3893 606 3961 Mes.
623 3897 647 3958 1,
658 3894 720 3961 334)
795 3898 846 3945 383
866 3894 979 3964 gemitis
998 3911 1032 3949 ec·
1049 3892 1203 3964 geminis!

238 3962 341 4028 invises
355 3963 388 4017 νι
443 3961 538 4031 polixo
557 3980 592 4017 ec
609 3979 672 4031 pro·
691 3963 721 4015 b¹
