2959 4659
490 578 660 632 EDITORIS
679 566 885 637 OEAEFATIO
1108 580 1195 635 LXXI

166 748 268 824 picius
294 749 375 806 enim
399 746 524 807 Severus
547 768 614 808 cum
638 747 743 806 1111112
765 741 824 829 (3),
846 752 895 822 10,
916 751 935 807 4
961 748 1050 808 Statii
1075 769 1193 810 versum

167 837 264 896 Theb.
282 840 312 910 8,
329 839 389 895 751
410 837 459 896 his
473 837 570 896 verbis
585 837 702 896 laudat:
716 839 858 896 mimirum
871 843 904 896 ut
917 840 990 897 dicit
998 843 1087 912 poeta
1099 841 1193 899 nescio

167 918 271 1007 quis¹)
288 958 330 967 -
345 928 458 984 utimur
484 928 560 985 euim
580 944 667 985 eereu
684 927 845 995 scolastico,
873 930 943 999 quia
966 931 1041 987 iuter
1065 930 1193 989 scolasti-

168 1033 219 1075 cos
237 1016 414 1088 fabulamur
435 1035 490 1071 -.·
509 1017 711 1089 captivumque
728 1033 810 1075 suem
827 1017 1004 1077 mirantibus
1022 1016 1193 1076 1010111111-

166 1122 231 1178 pos,
245 1103 362 1164 scholia
376 1103 515 1164 Statiano
528 1102 650 1162 videtur
662 1105 788 1177 novisse,
807 1107 838 1163 in
855 1106 962 1180 quibus
976 1110 1094 1165 exstant
1107 1108 1192 1167 haec:

169 1195 369 1252 clamantibus
392 1211 458 1252 cum
481 1194 676 1252 admiratione
693 1195 868 1266 fauentibus.
905 1198 1024 1254 tantum
1044 1196 1123 1255 enim
1142 1196 1192 1255 ab·

169 1286 218 1341 est
240 1287 278 1340 ut
301 1282 405 1341 Severi
428 1284 608 1341 auctoritate
627 1286 791 1342 commotus
815 1285 990 1343 mirabilibus
1007 1284 1130 1361 probem
1151 1318 1191 1327 —-

170 1370 313 1430 Garrodii
333 1371 466 1429 animum
484 1372 542 1431 huc
559 1372 704 1430 inclinare
724 1372 798 1431 satis
811 1375 904 1432 miror
919 1404 971 1447 -—,
989 1376 1024 1432 ut
1042 1375 1193 1434 clamauit-

169 1462 226 1519 bus
239 1461 331 1537 longe
345 1465 499 1537 praestare
512 1459 649 1519 iudicem.
683 1462 797 1519 scholia
811 1466 911 1521 autem
926 1480 994 1521 cum
1009 1466 1192 1541 argumentis

170 1569 189 1607 a
207 1550 347 1608 Iulianea
365 1552 459 1626 stirpe
479 1550 577 1608 aliena
596 1552 674 1608 sunt.
710 1554 812 1609 tamen
832 1552 868 1609 de
887 1552 929 1611 eis
949 1553 1115 1612 accuratius
1134 1553 1192 1613 dis·

170 1638 301 1715 putandi
319 1638 369 1697 hio
387 1639 470 1697 locus
489 1658 548 1697 non
568 1643 621 1697 cst.
655 1658 746 1715 quam
765 1659 828 1698 rem
846 1642 877 1698 in
897 1641 989 1700 aliam
1008 1644 1193 1701 occasionem

171 1728 345 1786 differimus.
381 1727 433 1787 sed
447 1728 608 1787 verisimile
627 1747 690 1787 esse
709 1728 840 1787 arbitror
858 1730 999 1809 vulgatae
1018 1732 1143 1807 stirpem
1160 1734 1193 1790 in

172 1816 274 1875 Gallia
296 1816 423 1877 saeculis
447 1819 552 1891 quinto
576 1836 611 1877 ac
635 1820 717 1876 sexto
741 1818 912 1893 pullulasse.
949 1822 1019 1894 post
1042 1820 1193 1880 saeculum

172 1910 252 1965 certe
272 1909 389 1965 sextum
407 1926 480 1964 num
494 1908 615 1965 omnino
635 1925 819 1983 aqucquam
838 1907 880 1965 ibi
899 1909 994 1968 lectus
1014 1910 1054 1968 sit
1069 1909 1192 1985 Statius,

172 1995 332 2054 admodum
352 1994 477 2053 dubium
496 1997 549 2053 est.

239 2087 345 2144 contra
357 2084 528 2143 Iulianeam
542 2084 666 2159 stirpem
681 2103 716 2142 ex
729 2085 822 2143 Italia
841 2103 903 2145 esse
918 2089 1106 2162 procreatam
1125 2107 1192 2146 cum

171 2172 370 2232 similitudine
394 2176 492 2232 textus
515 2166 712 2254 Priscianei²)
738 2177 769 2233 et
794 2174 951 2250 Puteanei,
975 2178 1039 2235 tum
1063 2179 1191 2236 maxime

171 2262 321 2321 affinitate
345 2261 480 2322 codicum
503 2261 648 2321 Puteanei
670 2265 701 2321 et
719 2263 878 2324 Etonensis
901 2266 934 2323 in
952 2264 1119 2325 Achilleide
1143 2266 1191 2325 de-

170 2354 366 2411 monstratur.
395 2370 465 2409 nam
484 2352 643 2411 Etonensis
661 2352 875 2412 Beneventano
894 2372 971 2430 quae
990 2353 1101 2413 dicitur
1121 2356 1191 2414 scri·

169 2444 262 2516 ptura
276 2444 417 2500 exaratus
432 2444 477 2501 est
491 2442 609 2499 saeculo
619 2441 669 2499 XI.
691 2442 770 2501 hunc
785 2443 915 2501 codicem
930 2443 1010 2517 quod
1025 2445 1191 2503 accuratius

169 2549 248 2589 nunc
268 2548 359 2605 quam
379 2532 411 2587 in
429 2530 482 2589 illo
502 2549 590 2605 opere
607 2531 787 2591 recensendo
804 2534 955 2605 novimus,
975 2531 1113 2591 Garrodii
1131 2553 1191 2591 me-

168 2622 229 2678 rito
248 2620 363 2677 factum
385 2622 437 2693 est,
458 2621 509 2695 qui
527 2619 559 2677 in
578 2620 754 2679 Achilleidis
773 2620 903 2679 editione
922 2622 1011 2697 plena
1030 2624 1093 2682 eius
1112 2622 1191 2681 codi-

171 2709 213 2768 cis
232 2708 396 2767 collatione
414 2726 485 2768 usus
504 2712 556 2768 est.

236 2802 339 2855 tamen
364 2797 400 2856 de
422 2799 520 2874 pretio
543 2797 613 2856 libri
637 2801 706 2856 ante
725 2791 952 2881 Schenkelius³)
971 2802 1081 2859 rectius
1102 2818 1191 2874 quam

169 2888 288 2965 Anglus
318 2886 415 2946 editor
437 2879 620 2966 1011001114)
663 2888 715 2945 ille
741 2890 821 2945 enim
847 2890 988 2966 cognovit
1010 2890 1191 2948 Etonensem

169 2976 301 3036 codicem
321 2977 558 3035 contaminatum
577 2994 639 3035 esse
654 2994 690 3034 ex
707 2975 784 3035 libro
805 2977 934 3052 quodam
952 2980 1083 3054 optimae
1102 2981 1191 3036 notae

169 3097 212 3106 -
225 3065 307 3124 unde
323 3083 436 3124 errores
452 3065 574 3139 quidam
587 3064 734 3125 Puteanei
753 3066 959 3125 emaculantur
975 3067 1062 3125 huius
1082 3067 1191 3127 codicis

169 3154 283 3213 auxilio
299 3185 341 3195 -
358 3156 389 3211 et
402 3173 437 3212 ex
452 3153 528 3213 libro
543 3156 680 3229 pessimo,
694 3155 724 3212 id
741 3156 820 3230 quod
835 3175 869 3214 ex
887 3158 986 3229 1,397
1003 3156 1191 3231 potissimum

168 3244 361 3319 perspicitur,
380 3241 432 3301 ubi
451 3245 483 3301 in
497 3244 642 3302 Etonensi
657 3246 769 3302 maiore
788 3245 901 3303 initiali
920 3248 950 3303 et
969 3264 1056 3304 versu
1074 3246 1120 3305 bis
1138 3264 1191 3320 po-

168 3334 227 3393 sito
240 3334 366 3391 initium
381 3332 507 3391 alicuius
521 3332 593 3391 libri
605 3333 765 3407 indicatur,
785 3352 846 3408 qua
859 3336 892 3391 in
906 3352 938 3392 re
952 3334 1004 3393 ille
1019 3334 1109 3394 codex
1124 3352 1191 3393 cum

168 3424 318 3497 pessimae
336 3425 426 3479 notae
445 3420 530 3482 libn's
550 3424 706 3496 consentit,
725 3441 780 3482 nec
794 3424 892 3483 minus
906 3442 994 3482 versu
1008 3424 1190 3499 interpolato

240 3616 267 3676 1)
287 3626 356 3664 cave
370 3626 404 3662 ex
417 3608 470 3663 hac
484 3609 691 3679 significatione
706 3610 875 3664 concluseris
890 3627 905 3663 c
919 3611 1054 3664 memoria
1069 3610 1191 3665 Statium

170 3682 259 3736 citari.
299 3681 384 3735 docta
403 3681 478 3734 enim
496 3680 686 3735 haesitatione
704 3681 835 3735 doctrina
855 3682 1005 3751 obtegitur,
1025 3699 1080 3751 quo
1099 3683 1190 3751 magis

171 3754 323 3894 clunzo&
343 3823 461 3877 Hermes
481 3828 515 3877 10
535 3826 626 3894 (moe)
645 3842 671 3892 p.
689 3829 740 3878 341
752 3842 792 3893 eq.

240 3898 268 3963 11)
289 3894 381 3950 Wien.
398 3894 615 3964 8101140882)
633 3913 662 3963 p.
678 3900 711 3950 96
720 3914 761 3965 sq.

240 3970 268 4036 4)
286 3984 347 4020 rem
366 3968 483 4035 exposui
503 3966 574 4020 Berl.
589 3966 690 4022 Philol.
707 3966 805 4022 chh.
822 3973 854 4021 27
874 3969 964 4036 (190⁷)
984 3984 1012 4035 p.
1028 3971 1079 4021 ⁶92
1091 3984 1130 4035 eq.
