2959 4659
282 558 381 611 LXXII
595 553 988 612 antrommaaarnnlo

285 730 313 801 1,
330 728 392 785 772
412 729 541 803 recepto,
560 745 649 802 quem
667 729 786 802 praeter
801 725 979 785 Garrodium
993 745 1079 787 nemo
1094 728 1193 786 editor
1214 746 1309 806 agno-

282 816 336 875 vit.
372 816 500 891 pendere
520 817 620 875 autem
639 816 819 874 Etonensem
839 835 857 874 a
876 816 975 877 codice
995 815 1134 876 Oarolina
1153 820 1309 893 scriptura
1354 812 1355 859 ἶ

283 906 404 964 exarato
420 908 547 986 apparet
565 905 803 978 exAch.2,136
824 904 875 963 ubi
890 910 914 963 -t
931 905 1030 964 finalis
1045 924 1080 964 ea
1094 906 1247 981 scriptura
1263 910 1308 965 in-
1354 958 1355 991 ,

282 995 409 1053 venitur.
424 994 530 1053 idvero
539 994 690 1070 exemplar
696 994 801 1070 procul
808 994 898 1053 dubio
907 994 1050 1053 collatum
1058 997 1124 1053 erat
1131 1014 1199 1054 cum
1208 1016 1308 1055 exam-

282 1084 362 1159 plari
379 1084 508 1159 quodam
527 1083 736 1158 antiquissimo
756 1083 886 1141 eiusdem
906 1086 1008 1159 stirpis
1028 1084 1066 1143 ad
1086 1104 1177 1159 quam
1190 1084 1309 1144 Iuliani

283 1174 374 1233 codex
397 1173 550 1248 pertinuit.
590 1164 669 1248 quod
688 1172 769 1247 apud
787 1172 997 1233 Benedictiuos
1019 1173 1128 1232 Italiae
1151 1175 1308 1233 inferioris

282 1265 433 1320 servatum
453 1263 543 1321 fuisse
562 1280 622 1321 non
640 1263 769 1319 miratur
788 1262 839 1337 qui
859 1264 965 1337 quanti
983 1263 1074 1337 pretii
1092 1262 1184 1322 libros
1205 1283 1308 1339 posse-

282 1351 390 1424 derint,
408 1351 552 1409 memoiia
571 1353 661 1409 tenet.
696 1369 787 1425 quam
804 1370 868 1409 rem
888 1350 1080 1410 Schenkelius
1102 1357 1308 1427 perspexerat,

282 1441 371 1517 nugis
394 1440 547 1499 obstruere
566 1442 689 1499 conatus
708 1443 754 1498 est
774 1439 944 1515 Garrodius,
968 1459 1035 1500 cnm
1053 1440 1128 1499 dicit
1149 1443 1184 1500 in
1202 1442 1308 1501 Achil·

282 1529 369 1588 leidis
393 1530 591 1605 praefatione:
613 1547 686 1587 nam
705 1531 782 1589 enim
800 1531 985 1603 credipotest
1008 1531 1132 1589 codicem
1150 1532 1202 1602 qai·
1227 1534 1308 1591 toties

283 1637 350 1677 cam
376 1619 436 1677 solo
464 1619 610 1677 Puteum
633 1620 785 1687 masenili,
807 1636 970 1691 numquam
991 1636 1091 1677 acram
1114 1619 1265 1679 lectionem
1289 1640 1308 1681 α

283 1709 429 1767 Puteuaeo
452 1710 606 1780 ceterisque
628 1709 771 1767 ammaum
792 1709 944 1767 servasse?
989 1710 1091 1783 itaque
1115 1727 1176 1767 non
1195 1711 1308 1768 mirum

283 1797 363 1873 quod
381 1797 561 1856 Etonensem
581 1798 613 1854 in
632 1796 800 1855 manifestis
820 1816 936 1873 quoque
956 1797 1243 1873 interpolationibus
1263 1818 1307 1858 se-

283 1889 387 1962 quitur
404 1886 488 1944 velut
506 1886 579 1945 Ach.
597 1889 624 1959 1,
636 1887 708 1945 506.
730 1889 758 1958 1,
771 1887 833 1945 723
852 1890 887 1944 ut
906 1886 966 1946 alia
985 1888 1131 1945 omittam.

351 1975 477 2050 denique
500 1975 685 2034 utbreviter
707 1976 810 2050 qualia
833 1977 898 2033 fata
920 1975 1013 2034 Statii
1031 1975 1192 2035 Thebaidis
1213 1978 1306 2037 fuisse

283 2065 454 2137 videantur,
479 2083 694 2141 proponamus,
720 2063 853 2123 omnium
878 2065 1014 2124 codicum
1040 2065 1221 2141 archetypus
1246 2087 1307 2126 non

283 2156 353 2213 ante
377 2156 517 2229 quartum
540 2153 692 2212 saeculum
714 2171 769 2212 nec
791 2156 893 2212 tamen
920 2157 989 2229 post
1013 2156 1151 2229 quintum
1175 2158 1306 2232 scriptus

283 2244 452 2318 procreavit
470 2242 588 2301 saeculo
609 2244 713 2317 quinto
733 2246 853 2302 sextove
872 2244 904 2301 in
922 2242 1013 2301 Italia
1033 2242 1165 2302 codicem
1182 2244 1307 2318 Iuliani,

284 2332 395 2391 eisdem
413 2330 597 2407 temporibus
620 2332 652 2389 in
671 2329 772 2391 Gallia
790 2334 928 2409 regnavit
949 2332 1010 2391 eius
1030 2335 1197 2409 progenies.
1237 2334 1306 2393 dein

284 2421 375 2480 codex
393 2421 445 2479 illa
462 2420 575 2479 Iuliani
597 2420 715 2479 saeculo
734 2424 841 2481 octavo
865 2422 968 2481 multis
988 2421 1104 2479 damnis
1123 2421 1249 2482 affectus
1269 2425 1306 2482 ab

283 2509 445 2569 Aelberhto
469 2509 692 2586 archiepiscopo
715 2510 897 2569 Eboracensi
919 2510 951 2568 in
970 2510 1159 2569 Britanniam
1184 2512 1307 2571 videtur

284 2616 348 2658 esse
365 2599 539 2672 translatus
558 2599 636 2658 unde
656 2598 757 2660 Caroli
774 2599 878 2677 Magni
897 2602 996 2659 aetate
1015 2619 1069 2675 per
1086 2599 1260 2673 Aloinnum,
1280 2604 1307 2660 si

285 2690 472 2747 coniecturae
490 2688 572 2747 locus
586 2687 685 2762 datur,
705 2690 768 2747 eius
788 2689 994 2767 apographum
1008 2689 1134 2748 insulari
1153 2690 1306 2767 scriptura

284 2780 439 2837 exaratum
457 2778 490 2835 in
509 2775 641 2837 Galliam
658 2778 804 2854 pervenit.
834 2796 852 2836 a
872 2797 929 2853 quo
949 2778 1050 2837 codice
1067 2781 1149 2837 recta
1168 2780 1220 2839 via
1239 2779 1306 2840 des·

284 2866 384 2926 cendit
402 2866 578 2926 Puteaneus.
607 2867 710 2925 eadem
728 2867 790 2926 fere
810 2869 909 2926 aetate
928 2868 975 2926 vel
995 2867 1086 2944 paulo
1104 2870 1174 2927 ante
1194 2888 1209 2927 e
1229 2868 1305 2928 late-

283 2955 345 3014 bris
365 2957 486 3015 emersit
500 2956 591 3014 codex
610 2955 647 3015 ab
661 2956 750 3014 initio
764 2956 898 3028 mutilus,
917 2956 995 3015 unde
1009 2955 1080 3015 libri
1094 2979 1121 3015 ω
1141 2961 1308 3037 propagati

284 3048 361 3105 sunt.
398 3047 470 3103 tunc
489 3047 573 3103 etex
592 3044 702 3104 codicis
718 3050 744 3104 P
764 3045 926 3121 exemplari
944 3045 1085 3105 lectiones
1105 3046 1254 3120 quaedam
1273 3050 1307 3106 in

284 3134 418 3210 singulos
441 3133 556 3193 codices
575 3156 603 3191 ω
626 3135 823 3210 inrepsenmt,
843 3137 873 3193 et
895 3136 928 3193 in
946 3134 1022 3193 illud
1041 3154 1075 3193 ex
1095 3136 1191 3195 altera
1210 3138 1307 3213 stirpe

286 3223 433 3298 quaedam
445 3223 543 3282 inlata
557 3226 635 3282 sunt.
660 3242 678 3281 a
692 3223 866 3283 duodecimo
881 3224 943 3283 fere
957 3224 1075 3283 saeculo
1091 3242 1158 3283 oum
1174 3225 1307 3287 Thebais

285 3315 315 3371 et
333 3312 478 3371 Achilleis
496 3314 593 3390 magis
613 3311 706 3371 etiam
729 3312 861 3372 lectitari
880 3316 1002 3388 coeptae
1022 3315 1129 3388 essent,
1147 3314 1238 3373 multi
1257 3334 1307 3375 co·

284 3401 364 3461 dices
383 3403 488 3477 scripti
506 3404 588 3474 sunt,
608 3401 704 3460 denuo
724 3404 755 3460 et
777 3403 856 3460 inter
875 3420 905 3461 se
924 3402 1027 3461 collati
1046 3406 1076 3461 et
1096 3421 1163 3462 oum
1182 3408 1208 3462 P
1228 3406 1307 3480 ipso,

284 3491 362 3549 unde
374 3492 573 3550 recentiorum
584 3490 730 3550 librorum
738 3490 828 3549 turba
838 3482 885 3571 (ς)
901 3493 1061 3575 emanavit.
1084 3492 1117 3550 in
1132 3492 1240 3567 quibus
1255 3492 1306 3553 ln'c

284 3580 348 3639 illic
362 3580 479 3656 aliquid
493 3582 572 3639 reete
591 3580 782 3639 emendatum
796 3582 849 3654 est,
868 3582 998 3640 ceterum
1017 3580 1103 3657 probi
1118 3580 1195 3640 nihil
1216 3582 1304 3641 inest.

351 3760 493 3834 quoniam
516 3758 552 3817 de
576 3757 727 3817 codicibus
752 3761 940 3834 quaestiones
969 3761 1115 3834 quatenus
1143 3758 1210 3818 fieri
1236 3764 1304 3836 pot·
1354 3826 1355 3841 ,

284 3851 357 3921 erat,
376 3846 567 3920 absolvimus,
585 3850 680 3907 restat
698 3851 734 3906 ut
752 3848 888 3929 tabulam
906 3865 1107 3924 proponamus
1127 3866 1231 3907 eorum
1250 3868 1304 3907 no·

284 3936 398 3996 minum
418 3956 494 4012 quae
511 3939 712 4013 inapparatu
731 3938 835 3997 critico
854 3936 1050 3996 laudavimus.
