2959 4659
487 575 658 632 EDITORIS
677 577 882 633 PRAEFATIO
1119 578 1192 637 XLV

154 750 209 804 tor
227 750 267 805 P.
310 745 369 804 ubi
392 766 461 805 oum
488 746 521 805 in
547 765 606 805 usu
629 746 777 807 adiectivo
801 749 881 808 vocis
904 750 997 809 hostes
1019 750 1191 827 haesissent,

151 836 282 895 hostiles
296 837 333 894 in
349 859 377 895 ω
396 835 593 895 substitutum
608 840 660 896 est.
689 838 820 915 genuina
839 841 941 898 autem
958 839 1047 899 lectio
1066 840 1097 898 in
1111 844 1196 900 Bur

153 929 341 985 correctura
357 929 501 985 revocata
519 929 572 985 est.

229 1018 286 1088 11,
298 1017 364 1074 391
381 1017 484 1075 Mater
495 1018 525 1074 io
533 1018 640 1090 potua
653 1034 669 1075 o
680 1035 782 1091 requos
793 1020 988 1077 incertissimo
1002 1019 1093 1077 tellus.
1113 1019 1155 1078 sio
1165 1024 1192 1078 P

153 1105 217 1162 nisi
237 1105 327 1180 qnod
350 1124 407 1181 pro
425 1108 530 1177 potia
553 1123 569 1164 o
593 1108 748 1165 exaratum
771 1108 836 1166 erat
849 1109 977 1181 patriae,
1000 1126 1078 1166 nuno
1096 1126 1123 1167 -e
1142 1109 1190 1167 de-

152 1194 258 1253 letum
278 1197 336 1253 est.
378 1214 433 1271 pro
457 1194 663 1255 interiectione
681 1198 709 1254 io
732 1196 921 1255 usitatiorem
940 1214 957 1255 o
976 1196 1135 1273 scripserat
1153 1220 1190 1256 ω.

153 1285 262 1343 versui
283 1287 390 1342 autem
411 1284 527 1343 librarii
541 1289 621 1344 Drb
640 1288 848 1345 succurrerunt
862 1287 961 1361 potins
976 1305 1067 1362 quam
1081 1289 1190 1360 sensui,

155 1394 229 1431 cum
249 1374 434 1433 seriberent:
453 1375 554 1435 Mater
573 1377 650 1434 enim
667 1378 803 1448 opotrlo
822 1394 881 1452 eqs.

229 1466 286 1537 11,
303 1465 368 1522 607
392 1464 477 1523 Vinci
488 1466 517 1523 io
530 1466 678 1532 miserior,
691 1465 785 1523 oiaois
799 1464 927 1539 Natura,
937 1469 1091 1537 parentem
1105 1458 1189 1525 PN².

567 1559 599 1587 „a

153 1627 213 1681 pro
233 1610 267 1666 io
286 1608 321 1665 in
341 1630 369 1665 ω
389 1609 473 1666 extat
490 1625 535 1665 aaa
549 1598 597 1687 (ta
609 1599 666 1686 ν’).
704 1606 785 1683 quod
804 1627 871 1666 eum
889 1610 921 1665 in
939 1612 998 1666 BL
1016 1626 1109 1682 supra
1124 1627 1188 1667 var·

153 1715 226 1754 snm
248 1696 392 1754 additum
410 1696 459 1769 eit,
477 1696 510 1753 in
529 1719 556 1755 ω
575 1697 603 1755 io
623 1696 763 1755 omissum
782 1698 874 1755 fuisse
893 1696 1094 1757 concluserim.

229 1789 286 1861 11,
304 1786 369 1844 609
391 1786 517 1844 Volnera
536 1788 608 1844 etio
620 1786 719 1845 osolles
733 1788 864 1859 sequitur
876 1805 983 1846 monos
1001 1788 1085 1859 inpio
1099 1788 1136 1861 pl
1178 1819 1188 1830 -

152 1915 221 1970 otus
243 1909 383 1969 traditur
406 1928 474 1967 oum
497 1910 553 1969 heo
571 1911 733 1969 varietate:
759 1914 833 1970 etio
852 1903 998 1982 PNuv²z
1016 1873 1070 1969 om
1087 1905 1133 1970 f¹z
1156 1913 1189 1970 io

152 2005 301 2067 BLQr:
320 2001 375 2058 s'm-
394 2004 441 2057 M:
460 2002 522 2059 tom
540 2004 642 2059 Dob:
662 2003 733 2073 oola
751 1991 792 2059 1³².
837 2000 914 2059 uude
933 2000 1124 2058 manifestum
1144 2005 1188 2059 est

154 2095 182 2147 el
203 2090 282 2149 olim
304 2089 455 2148 excidisse.

232 2181 287 2253 12,
303 2178 367 2237 362
390 2177 466 2237 Oom
484 2182 582 2237 tomen
604 2183 712 2238 areolos
735 2183 877 2238 satem
896 2180 1020 2253 virolor's
1042 2196 1130 2238 aoros
1149 2183 1187 2237 P:

393 2267 469 2327 Com
487 2272 584 2326 tameo
608 2273 750 2328 ratramus
774 2272 881 2328 erectos
901 2269 1024 2342 siralais
1043 2285 1131 2326 aoros
1151 2291 1187 2342 ω,

155 2357 214 2414 ubi
242 2362 268 2415 c
288 2356 417 2416 lectione
436 2360 570 2416 merois
588 2357 689 2417 versui
707 2358 866 2417 consuluit.

232 2446 313 2505 falsa
335 2447 495 2505 verborum
518 2446 709 2506 distinctione
731 2450 887 2523 peceatum
911 2448 957 2504 est
979 2448 1010 2504 iu
1031 2468 1068 2522 ω,
1090 2446 1134 2504 ita
1153 2450 1187 2505 ut

156 2553 268 2593 sensus
288 2534 410 2594 omnino
427 2554 488 2594 non
507 2535 617 2595 evadat
636 2538 665 2610 8,
680 2538 722 2595 48
741 2535 865 2596 Areada
881 2553 934 2595 ooo
952 2540 1025 2594 PD:
1043 2534 1187 2595 Aroodooe

157 2629 186 2682 et
207 2645 253 2683 w:
272 2623 419 2684 Accedam
444 2630 470 2685 et
494 2617 593 2706 (inani
611 2619 796 2707 coniectura)
819 2630 886 2684 110·
923 2626 1089 2703 glossarum
1107 2627 1139 2682 in
1158 2648 1186 2684 ω

156 2717 355 2789 receptarum
369 2714 641 2775 luculentissimum
656 2715 823 2791 exemplum
838 2716 895 2773 est:
911 2717 940 2789 4,
952 2716 992 2774 66
1013 2715 1186 2786 Musaeque

156 2806 290 2877 sanquis
305 2836 346 2843 —
360 2804 447 2863 tobel
464 2797 536 2882 P¹):
555 2806 625 2863 Mos
638 2823 730 2879 osque
743 2807 866 2880 soooois
879 2806 953 2863 inest
972 2826 1008 2881 ω,
1028 2803 1064 2861 of.
1080 2804 1186 2863 similis

158 2911 248 2951 error
269 2894 303 2951 in
321 2898 350 2952 D
382 2895 412 2968 4,
433 2894 499 2952 540
522 2895 625 2953 melior
649 2912 715 2952 eam
738 2896 862 2969 soooois
888 2896 994 2953 inesset
1021 2885 1089 2974 (pro
1114 2910 1185 2951 voae

159 2979 304 3062 opertos).
335 2985 363 3058 1,
377 2984 420 3040 48
439 2984 494 3042 sab
511 2987 591 3042 nocte
609 2985 641 3041 in
656 3006 684 3042 ω
703 2984 822 3060 legitur,
840 2985 998 3042 solmeria
1016 2982 1048 3039 in
1062 2986 1088 3040 P
1106 2981 1185 3057 quod

159 3074 251 3131 unice
269 3072 407 3150 intellegi
424 3075 533 3148 potest.
561 3073 638 3131 illud
658 3072 751 3131 oeulis
765 3072 946 3150 vagantibus
966 3090 1084 3130 eversu
1102 3074 1184 3129 ante·

160 3161 288 3220 cadente
305 3162 476 3236 repetitum.

232 3269 311 3325 qnae
330 3252 432 3309 autem
450 3253 530 3310 inter
552 3250 627 3309 duas
645 3251 754 3326 stirpes
775 3254 850 3310 Pet
869 3273 896 3309 ω
915 3250 1081 3308 intercedat
1098 3250 1185 3326 ratio,

161 3344 271 3415 postea
289 3339 464 3399 videbimus.
506 3359 586 3398 nunc
605 3339 640 3397 de
659 3341 802 3417 vulgatae
821 3340 945 3399 familiis
963 3357 1059 3415 pauca
1078 3339 1184 3399 delibo.

161 3449 234 3487 nam
253 3428 286 3486 in
303 3432 480 3505 quaestione
499 3430 658 3489 admodum
677 3430 820 3489 intricata
835 3429 977 3488 brevitati
995 3429 1183 3504 potissimum

162 3518 348 3592 studuimus,
371 3539 408 3576 ne
432 3519 630 3594 amplitudine
654 3518 819 3595 disputatio
845 3518 929 3577 fieret
952 3517 1084 3577 obseura.
1130 3537 1184 3578 neo

162 3608 243 3665 euim
262 3626 405 3683 umquam
422 3609 495 3667 lioet
513 3608 636 3668 familiis
659 3608 810 3667 subtiliter
828 3609 973 3684 separatis
992 3610 1118 3666 stemma
1136 3627 1182 3666 oo·

162 3696 264 3755 dicum
282 3698 407 3773 simplex
426 3716 602 3774 proponere,
621 3697 673 3757 ubi
686 3718 740 3773 per
753 3698 876 3776 longum
895 3698 1037 3773 temporis
1052 3698 1183 3773 spatium

164 3786 281 3845 vicinae
299 3787 421 3845 fuerunt
438 3788 582 3847 familiae.
604 3787 708 3864 itaque
722 3806 791 3845 oum
809 3787 940 3846 familias
955 3787 1099 3862 quasdam
1115 3804 1182 3844 con·

234 3978 261 4045 1)
279 3976 380 4031 habaet
398 3978 476 4032 serta
494 3975 690 4030 emendatione
709 3975 835 4030 restituit
854 3975 921 4031 Otto
935 3973 1043 4029 Miller.
