2959 4659
579 524 709 580 VIII
1200 523 1538 579 EDITORIS
1574 525 1984 580 PRAEFATIO

579 713 793 753 cunam
829 694 956 754 sine
994 695 1351 754 auctoritate
1398 713 1468 753 ac
1514 712 1692 754 sensu
1729 694 1990 770 explevit
2024 687 2116 754 Ν*
2151 712 2330 769 quam
2362 713 2445 754 ne
2483 713 2626 756 non.

578 786 806 856 tamen,
853 797 987 842 cum
1034 782 1357 843 Garrodius
1404 786 1607 841 utrum
1651 804 1837 841 unum
1885 803 1962 843 an
2006 785 2207 860 plures
2254 788 2627 844 correctores

574 872 727 931 liber
761 891 1073 949 perpessus
1110 873 1217 946 sit,
1253 892 1374 932 non
1410 873 1636 932 indicet
1672 877 1733 932 et
1767 872 1974 932 multis
2010 873 2159 933 locis
2198 874 2343 949 quid
2379 874 2627 932 librarii

574 963 764 1037 ipsius
803 964 900 1033 sit,
930 962 1077 1037 quid
1115 963 1479 1036 correctoriS‚
1510 981 1625 1022 non
1657 961 2007 1040 distinguat,
2045 963 2173 1022 eius
2202 965 2404 1039 partes
2444 982 2626 1023 aceu-

576 1050 765 1110 ratius
795 1050 1028 1109 definiri
1054 1054 1376 1127 nequeunt.
1440 1051 1592 1109 mihi
1618 1070 1758 1110 vero
1786 1053 2025 1126 praeter
2061 1054 2235 1112 notas
2262 1053 2328 1110 in
2358 1051 2629 1112 Gal-rodi

578 1140 838 1200 editione
876 1143 1213 1217 propositas
1251 1140 1496 1199 collatio
1534 1142 1773 1216 praesto
1811 1159 1930 1199 non
1967 1143 2075 1200 est.

500 1250 537 1290 r
707 1229 971 1288 eiusdem
1008 1230 1226 1289 aetatis
1265 1233 1443 1304 atque
1485 1228 1917 1289 Cheltoniensis
1961 1233 2052 1290 est
2089 1229 2308 1289 codex
2345 1231 2626 1310 Regius

580 1319 808 1377 Musei
844 1318 1263 1377 Britannici
1304 1320 1391 1377 15
1434 1317 1568 1393 CX,
1608 1320 1713 1394 qui
1748 1318 1870 1377 fuit
1906 1319 2050 1378 olim
2087 1321 2436 1379 monasterii
2476 1322 2627 1379 Rof-

583 1410 763 1467 fensis
801 1399 909 1488 (r).
967 1426 1085 1483 quo
1128 1407 1282 1467 libro
1329 1410 1558 1483 primus
1603 1408 1894 1466 Ricardus
1931 1407 2188 1484 Bentley
2235 1408 2311 1467 ad
2350 1408 2626 1469 Statium

581 1498 1002 1556 recensendum
1028 1516 1172 1556 usus
1201 1501 1307 1570 est,
1336 1499 1441 1573 qui
1470 1497 1854 1555 collationem
1882 1515 2017 1556 cum
2045 1500 2330 1573 quattuor
2357 1499 2625 1558 aliorum

582 1585 939 1645 lectionibus
968 1585 1044 1644 ad
1071 1588 1403 1664 marginem
1424 1585 1703 1645 editionis
1731 1604 1872 1645 suae
1894 1583 2291 1647 Gevartianae
2321 1587 2624 1665 adposuit.

584 1675 745 1751 quod
782 1676 1082 1751 exemplar
1117 1694 1275 1734 nunc
1303 1679 1498 1734 exstat
1525 1674 1590 1732 in
1616 1675 1820 1734 Museo
1848 1675 2216 1753 Britannice,
2253 1676 2412 1735 unde
2439 1681 2624 1737 notas

582 1765 965 1823 Bentleianas
1002 1766 1068 1822 in
1096 1763 1335 1824 Ottonis
1362 1764 1604 1822 Miilleri
1631 1784 1802 1823 usum
1831 1765 2130 1839 quondam
2160 1766 2482 1843 descripsit
2511 1767 2623 1827 Po·

582 1854 756 1912 lonus
795 1854 1038 1929 quidam
1066 1853 1360 1912 Henricus
1389 1852 1462 1912 de
1490 1853 1917 1913 Michalowski.
1969 1858 2206 1929 praeter
2233 1855 2342 1915 has
2371 1856 2623 1915 schedas

585 1942 966 2001 collationem
1001 1942 1192 2018 ipsius
1232 1942 1450 2001 codicis
1490 1942 1769 2001 adhibere
1798 1943 1988 2017 licuit,
2027 1962 2211 2019 quam
2249 1943 2321 2002 de
2359 1964 2459 2004 sex
2501 1948 2622 2021 pri-

582 2032 787 2092 oribus
826 2032 1145 2091 Thebaidis
1191 2032 1361 2091 libris
1410 2030 1780 2092 Godofredus
1817 2030 2035 2091 Kinkel
2073 2033 2342 2092 confecit.
2410 2035 2622 2093 eadem

583 2122 804 2180 Muller
831 2122 894 2179 in
922 2121 1181 2179 editione
1210 2140 1319 2180 sua
1345 2139 1487 2181 usus
1517 2123 1622 2180 est.
1663 2140 1733 2179 ex
1759 2121 2188 2197 posterioribus
2216 2126 2418 2181 autem
2447 2123 2622 2181 libris

584 2210 879 2286 quaedam
916 2211 985 2269 E.
1014 2211 1091 2269 Μ.
1124 2211 1465 2285 Thompson
1502 2208 1920 2270 Londiniensis
1950 2212 2012 2269 in
2039 2210 2406 2270 Kohlmanni
2444 2231 2622 2271 usum

582 2300 868 2359 enotavit.

715 2391 954 2464 praeter
998 2391 1199 2464 ipsum
1243 2388 1559 2447 librarium
1604 2389 1766 2448 haud
1811 2408 2003 2465 pauca
2041 2393 2336 2449 corrector
2373 2391 2622 2466 quidam

584 2478 917 2554 adscripsit,
955 2498 1132 2554 quem
1168 2498 1341 2537 usum
1370 2496 1497 2537 esse
1525 2478 1678 2537 libro
1708 2477 1969 2554 quodam
2000 2479 2296 2539 affinitate
2326 2497 2462 2537 cum
2492 2481 2621 2538 vul-

583 2567 743 2645 gatis
806 2568 1153 2643 posterioris
1219 2568 1435 2627 aetatis
1499 2567 1932 2643 exemplaribus
1988 2568 2300 2627 coniuncto
2355 2569 2622 2627 indicavi

583 2656 790 2716 Rhein.
820 2658 970 2716 Mus,
1005 2657 1086 2716 59
1119 2648 1352 2738 (1904)
1391 2677 1448 2732 p.
1480 2658 1608 2715 383
1631 2675 1717 2732 sq.

1268 2834 1349 2894 II.
1396 2836 1631 2895 codici
1670 2833 1940 2895 Gallici

504 2966 558 3019 P
722 2959 1030 3020 Gallorum
1060 2960 1329 3020 codicum
1358 2980 1476 3020 non
1506 2962 1718 3036 solum,
1756 2960 1858 3019 sed
1887 2958 2151 3020 omnium
2177 2962 2618 3037 praestantissi-

586 3070 719 3109 mus
768 3052 859 3107 est
902 3049 1180 3108 Putean
1193 3068 1311 3109 eus
1361 3049 1465 3125 qui
1521 3049 1764 3124 dicitur,
1821 3050 2230 3109 Bibliothecae
2276 3051 2333 3108 N
2336 3051 2618 3109 ationalis

586 3139 893 3198 Parisinae
923 3138 1188 3198 codicum
1210 3139 1536 3198 latinorum
1558 3140 1727 3199 8051
1753 3131 1882 3220 (P),
1910 3159 2030 3216 quo
2059 3139 2132 3198 de
2160 3138 2313 3199 libro
2343 3142 2618 3198 accurate

588 3228 892 3305 disputavi
938 3229 1002 3286 in
1046 3228 1417 3305 praefatione
1462 3221 1890 3308 Achilleidis.¹)
1964 3230 2121 3288 hunc
2158 3228 2419 3289 codicem
2456 3232 2618 3304 post-

591 3337 770 3393 quam
814 3316 1291 3394 Lindenbrogius
1336 3317 1433 3376 hic
1476 3318 1606 3376 illic
1653 3318 1926 3377 adhibuit
1971 3320 2068 3377 cui
2104 3321 2354 3377 vocatur
2397 3318 2617 3395 Regius

591 3407 768 3481 alter,
814 3426 888 3465 ne
936 3407 1215 3465 Amarius
1263 3406 1505 3482 quidem
1561 3425 1630 3467 ac
1675 3406 2007 3467 Lemairius
2058 3408 2378 3486 diligenter
2427 3407 2498 3466 de
2550 3427 2615 3465 eo

591 3489 1040 3577 ret-tuleram12²)'
1070 3496 1228 3555 unde
1265 3497 1493 3554 factum
1531 3501 1637 3572 est,
1675 3499 1744 3555 ut
1782 3497 1993 3573 quanti
2030 3499 2186 3557 esset
2220 3497 2505 3556 momenti
2543 3496 2616 3554 ad

591 3589 848 3657 genuina
892 3585 1047 3645 &tati
1084 3585 1265 3645 verba
1301 3585 1699 3661 restituenda,
1737 3588 1875 3645 ante
1914 3584 2198 3646 Ottouem
2234 3586 2453 3645 Miiller
2488 3605 2615 3661 per-

736 3777 784 3841 1}
828 3773 972 3825 Stati
1008 3774 1277 3828 Achilleis
1320 3778 1457 3827 1902
1493 3792 1550 3844 p.
1581 3773 1730 3843 Vsq.

591 3853 812 3985 15²³?ss
824 3845 880 3897 Ρ,
936 3845 1155 3917 Papinii
1202 3844 1372 3902 Statii
1418 3861 1566 3922 quae
1614 3847 1838 3905 exstant
1883 3862 2054 3922 opera
2099 3846 2305 3906 omnia,
2390 3845 2613 3904 parisiis
