2959 4659
301 608 417 662 XXXIV
620 607 788 663 EDITORIS
806 608 1011 663 PRAEFATIO

301 779 429 837 tricenos
452 780 552 837 ternos
576 780 606 836 et
628 778 756 837 tricenos
780 796 873 837 senos.
911 777 995 838 linito
1019 780 1116 836 autem
1142 778 1222 837 libro
1246 797 1314 838 nom

302 885 469 963 legebatur:
488 865 618 943 r-rlr
633 916 639 927 ·
655 884 789 944 amru
804 915 810 928 -
826 884 1023 944 reumm-
1038 884 1228 943 ummm
1240 915 1246 929 ·
1258 886 1313 944 ax-

301 973 440 1034 PLIOIT.
483 976 538 1034 hoc
566 993 683 1050 quoque
706 974 825 1033 videtur
852 973 1042 1037 memorabile
1070 974 1140 1032 libri
1163 995 1313 1034 numerum

180 1078 183 1089 ·
302 1064 428 1142 singulis
442 1064 561 1142 paginis
574 1064 620 1122 ita
632 1066 810 1140 inscriptum
824 1064 924 1138 fuisse,
938 1067 973 1123 ut
986 1064 1059 1123 folio
1069 1082 1155 1124 verso
1170 1064 1314 1142 legeretur

302 1154 431 1228 LIBER,
449 1153 523 1213 folio
542 1157 622 1212 recto
647 1155 709 1212 eius
732 1173 880 1213 numerus.
918 1154 1032 1212 decimo
1051 1154 1169 1213 saeculo
1188 1155 1313 1213 codicem

302 1245 457 1318 exaratum
481 1261 542 1301 esse
566 1243 692 1324 censuit,
716 1243 768 1318 qui
792 1244 993 1321 fragmentum
1019 1244 1176 1303 invenerat
1198 1243 1313 1303 Wolde·

301 1335 414 1392 marius
432 1331 563 1391 Harless,
591 1334 675 1391 errius
693 1332 803 1392 iudicio
819 1332 996 1391 Schmitzius
1011 1331 1132 1392 secedit.
1160 1333 1245 1391 idem
1261 1352 1313 1391 sae·

301 1422 368 1481 culo
387 1424 528 1498 sequente
543 1424 735 1480 correctorem
756 1422 903 1497 quendam
918 1422 1137 1481 emendationes
1156 1425 1187 1480 et
1206 1423 1313 1481 scholia

301 1512 473 1589 glossesque
493 1510 642 1570 addidisse
661 1511 795 1570 adnotat.

368 1602 443 1659 miro
463 1619 533 1659 casu
548 1600 656 1659 accidit
674 1603 709 1659 ut
722 1600 825 1676 paucis
842 1602 927 1659 annis
941 1601 1119 1660 intermissis
1138 1602 1169 1658 in
1189 1601 1311 1659 alterum

301 1690 432 1749 eiusdem
446 1690 556 1749 codicis
569 1689 740 1749 Werdensis
755 1690 956 1766 fragmentum
974 1690 1006 1747 in
1026 1690 1129 1748 eadem
1143 1690 1312 1750 Diisseldor·

301 1779 384 1839 fiensi
403 1778 583 1838 bibliotheca
602 1779 746 1838 incideret
765 1777 929 1838 Guilelmus
955 1771 1138 1860 Oreeelius¹)
1166 1780 1243 1838 item
1263 1800 1312 1839 ser·

300 1871 373 1927 vata
396 1871 466 1926 sunt
489 1868 547 1927 duo
571 1868 645 1927 folia
670 1870 758 1927 unius
783 1869 986 1944 quaternionis
1011 1871 1100 1945 atque
1125 1867 1214 1943 XIII,
1245 1870 1311 1930 sicut

301 1977 423 2016 numero
446 1976 536 2033 supra
559 1959 670 2035 scripto
693 1958 851 2016 indicatur.
889 1957 1014 2035 singulis
1034 1977 1103 2017 vero
1127 1959 1249 2036 paginis
1268 1961 1311 2017 tri·

301 2048 366 2105 ceni
385 2047 469 2123 quini
483 2065 584 2106 versus
604 2048 718 2105 exarati
737 2049 815 2106 sunt.
843 2047 945 2122 itaque
959 2046 1057 2122 prima
1071 2048 1213 2124 leguntur
1228 2048 1310 2106 Theb,

303 2131 519 2213 {leffe-269,
535 2135 630 2194 altera
641 2138 669 2210 9,
681 2137 862 2211 aro-3043
876 2137 967 2195 tertia
978 2138 1006 2211 9,
1024 2138 1199 2211 726—756‚
1211 2142 1311 2213 quarta

302 2227 331 2300 9,
347 2226 510 2284 761-791
531 2225 576 2283 ita
594 2227 695 2284 tamen
714 2229 748 2284 ut
763 2226 899 2301 quaterni
914 2244 1016 2285 versus
1034 2227 1065 2283 in
1084 2226 1142 2284 fine
1161 2229 1271 2286 tertiae
1289 2232 1311 2285 et

301 2323 426 2391 quartae
443 2315 572 2391 paginae
589 2314 676 2373 recisi
695 2316 763 2374 siut.
797 2334 864 2374 oum
883 2318 983 2373 autem
1001 2314 1080 2373 inter
1098 2315 1156 2373 duo
1175 2316 1232 2374 illa
1247 2316 1311 2375 folia

301 2408 420 2464 servate
435 2403 639 2462 desiderentur
651 2423 754 2464 versus
769 2405 844 2479 422,
863 2422 912 2463 sex
931 2404 1005 2464 folia
1023 2404 1103 2463 inter
1121 2422 1155 2462 aa
1176 2406 1310 2464 excidisse

300 2495 332 2551 in
354 2494 513 2569 propatulo
538 2495 595 2568 est,
618 2493 749 2569 primum
771 2494 864 2571 igitur
889 2497 920 2553 et
941 2494 1080 2552 ultimum
1103 2496 1188 2553 tertii
1212 2494 1310 2553 decimi

301 2583 504 2658 quaternionis
523 2582 628 2641 folium
647 2585 794 2643 tenemus:
1102 2574 1104 2577 ⁵

642 3107 654 3145 1
962 3106 975 3145 a

302 3191 380 3267 quod
405 3191 605 3267 fragmentum
631 3209 812 3267 quamquam
837 3190 984 3252 Orecelius
1010 3194 1112 3250 utrum
1138 3192 1252 3250 decimo
1277 3210 1307 3249 an

301 3280 456 3339 undecimo
470 3278 588 3339 saeculo
601 3279 792 3339 tribuendum
807 3282 847 3339 sit
865 3281 996 3354 dubitat,
1015 3283 1115 3339 tamen
1135 3280 1174 3339 ad
1193 3281 1307 3340 eunden

301 3369 432 3429 codicem
450 3368 641 3427 Werdensem
660 3372 820 3446 utrumque
839 3371 1039 3447 fragmentum
1057 3371 1206 3446 pertinere
1224 3370 1307 3428 mani·

301 3461 411 3518 festum
430 3460 483 3517 est.
520 3476 590 3516 nam
610 3461 687 3518 sicut
707 3459 855 3519 Grecelius
874 3462 952 3519 recte
970 3460 1129 3535 perspexit,
1148 3477 1217 3517 cum
1235 3459 1307 3518 tertii

302 3549 409 3607 decimi
432 3547 634 3623 quaternionis
662 3548 769 3607 folium
794 3549 933 3607 ultimum
960 3548 1109 3623 quondam
1134 3547 1252 3607 finitum
1275 3550 1306 3605 sit

301 3656 389 3699 versu
414 3637 521 3712 arae
542 3656 669 3695 —nam
693 3638 760 3696 folii
783 3640 881 3698 octavi
905 3641 1047 3714 quattuor
1069 3655 1172 3699 versus
1195 3640 1305 3715 periisse

301 3746 392 3803 supra
405 3725 574 3785 monuimus
589 3758 630 3766 -
645 3728 724 3785 inter
743 3727 806 3787 eius
820 3728 1020 3806 fragmentum
1039 3729 1070 3786 et
1083 3726 1304 3786 Schmitzianum

300 3816 573 3892 undeseptuaginta
596 3833 698 3875 versus
725 3817 887 3891 intersunt,
909 3820 929 3875 i.
949 3816 1007 3876 duo
1031 3816 1159 3895 paginae
1179 3834 1303 3877 versuum

375 4008 400 4075 1)
417 4003 519 4058 ahorn.
534 4002 605 4056 Mus.
621 4008 654 4056 ee
670 4006 761 4072 (rara)
781 4020 808 4071 p.
824 4008 973 4057 eea-ess.
