2959 4659
496 560 665 615 salionis
685 560 891 616 PRAEFATIO
1115 560 1201 617 LXIX

175 733 289 792 Malles
313 733 439 791 monuit.
471 730 667 789 nihilominus
689 733 720 790 et
742 730 950 790 Kohlmannus
974 733 1005 789 et
1022 730 1200 792 Wilkinsius

175 823 313 882 buttilem
332 821 418 880 illam
437 820 596 880 lectionem
611 820 740 896 amplexi
759 822 836 880 sunt.
874 821 906 877 in
929 821 1065 895 sequenti
1083 839 1200 896 quoquo

174 931 266 971 versu
279 911 401 987 Vergili
419 901 533 991 locus¹)
554 908 678 984 quidam
696 927 801 967 ansam
821 906 904 967 dedit
922 909 1071 969 mutandi:
1088 910 1202 984 gelidas

174 1049 227 1060 ...
249 1002 292 1059 ad
310 1003 407 1059 arctos
426 1019 468 1057 ar:
484 999 599 1073 gelidas
614 1044 620 1055 .
636 1045 642 1056 .
658 1046 664 1056 .
678 1000 711 1056 in
728 1000 828 1057 cadas
846 990 971 1081 (sioP¹)
991 999 1200 1073 proculdubio

172 1110 283 1151 verum
302 1092 357 1148 est
395 1090 486 1147 etiam
506 1090 535 1161 2,
551 1090 569 1147 9
590 1088 747 1147 transabiit
770 1090 902 1145 animam
920 1087 1015 1146 multo
1035 1088 1201 1166 elegantius

172 1182 293 1239 dictum
312 1180 359 1236 est
378 1196 469 1253 quam
488 1177 568 1253 quod
586 1195 688 1236 rursus
702 1176 820 1254 Vergili
838 1176 1007 1235 imitatione
1014 1168 1039 1256 ²)
1058 1178 1091 1235 in
1110 1200 1137 1236 ω
1156 1179 1201 1235 in·

173 1270 286 1345 repsit:
311 1268 469 1325 transabiit
490 1271 592 1325 666166.
629 1269 784 1341 praeterea
808 1265 845 1324 cf.
865 1266 950 1341 4,16
975 1268 1006 1324 61
1030 1267 1116 1340 5,13
1142 1286 1201 1341 quo

174 1360 245 1417 loco
260 1347 430 1437 Vollmer³)
449 1354 610 1433 genuinam
629 1354 786 1415 lectionem
804 1356 957 1413 revocavit
971 1372 1026 1427 qao
1044 1356 1111 1427 sera
1129 1358 1202 1430 capit

171 1450 290 1520 hiemps
321 1445 478 1504 exturbata
506 1446 678 1504 imitatione
697 1435 905 1525 Vergiliuna⁴)
935 1461 1000 1503 6666
1028 1447 1094 1518 fera
1116 1448 1202 1518 ponit

170 1538 290 1609 hiemps
309 1527 368 1615 (sic
386 1525 438 1615 ω).

246 1624 354 1683 deinde
377 1624 409 1681 in
433 1645 461 1680 ω
485 1624 640 1698 peceatum
665 1625 711 1681 661
734 1622 838 1681 eadem
860 1623 977 1682 ratione
1001 1641 1062 1699 qua
1083 1624 1201 1698 peooari

170 1714 255 1775 solet
273 1713 309 1772 in
322 1712 555 1771 transcribendis
573 1710 667 1770 libris.
696 1728 770 1770 nam
783 1714 902 1786 praeter
915 1712 1070 1771 oculorum
1089 1731 1201 1772 errores

168 1806 277 1862 mente
299 1820 418 1877 quoque
436 1803 592 1877 peecatum
611 1803 657 1859 est
675 1818 710 1859 eo
730 1799 810 1875 quod
833 1818 1000 1876 synonyma
1018 1801 1066 1860 vel
1084 1800 1201 1860 6161666

168 1894 319 1952 66116666
341 1909 397 1966 pro
416 1891 556 1967 genuinis
574 1889 699 1949 vocibus
718 1888 985 1964 substituebantur,
1004 1910 1028 1949 6.
1044 1910 1071 1967 g.
1093 1892 1199 1963 2,126

169 1983 305 2056 cripitur
327 1985 368 2039 P:
391 1982 514 2054 eripitur
537 2001 573 2037 ω.
620 1980 651 2053 3,
666 1981 706 2037 73
729 1981 818 2052 pestis
841 1983 881 2038 P:
901 1980 1002 2054 gliscis
1025 2002 1062 2038 ω.
1110 1982 1138 2054 3,
1159 1980 1200 2039 88

168 2070 357 2130 Absciderat
377 2072 417 2127 P:
440 2066 613 2127 Abstulerat
634 2092 671 2126 ω.
723 2069 833 2143 3,130
856 2070 1017 2141 619661Ρε
1040 2070 1151 2143 repleat
1173 2093 1200 2127 ω

170 2160 301 2235 aliaque
315 2158 426 2231 multa,
446 2176 629 2234 quamquam
647 2175 684 2216 66
698 2162 724 2216 P
745 2156 865 2233 quidem
884 2177 902 2216 a
920 2157 1034 2216 talibus
1053 2158 1201 2218 erroribus

168 2247 323 2308 immunis
337 2250 392 2321 est,
411 2266 434 2305 e.
450 2267 478 2324 g.
494 2246 530 2305 cf.
548 2249 576 2322 1,
588 2248 651 2305 572
672 2248 768 2306 saccis
783 2267 823 2305 w:
842 2249 959 2306 61666116
977 2251 1003 2306 P
1023 2246 1075 2305 ubi
1094 2240 1200 2306 fortius

167 2336 360 2397 vocabulum
386 2335 549 2395 desiderari
576 2336 736 2411 praecipue
767 2338 892 2412 propter
921 2336 1073 2396 notionem
1101 2354 1201 2396 ameris

168 2425 345 2486 Garrodius
360 2428 440 2484 66616
454 2426 563 2497 sensit:
579 2426 608 2498 9,
620 2426 638 2484 9
661 2423 802 2484 Cadmeia
811 2426 906 2499 pubes
920 2446 961 2484 ωε
982 2426 1122 2486 Cadmeia
1131 2444 1201 2500 pro·

167 2518 214 2575 les
233 2520 262 2575 P
289 2517 395 2574 contra
419 2514 499 2573 Stati
522 2531 618 2587 usum,
641 2514 695 2589 qui
717 2532 788 2573 voce
807 2515 907 2588 proles
929 2514 988 2573 nisi
1009 2512 1045 2573 de
1069 2514 1201 2574 naturali

168 2605 360 2683 cognatione
382 2623 443 2662 non
471 2604 577 2661 utitur.
618 2602 699 2662 haud
722 2622 792 2663 raro
816 2604 908 2663 etiam
931 2603 1089 2664 verborum
1113 2604 1202 2664 eollo-

169 2696 330 2753 cationem
349 2693 471 2768 proprio
485 2692 582 2750 Marte
601 2691 774 2751 immutavit
792 2692 817 2750 is
837 2712 855 2751 a
874 2693 957 2752 cuius
976 2712 1067 2769 opera
1086 2693 1200 2753 codices

169 2808 200 2842 ω
222 2782 367 2859 pendent.
405 2799 522 2857 semper
539 2781 571 2839 in
589 2781 646 2839 bac
664 2800 696 2840 re
715 2781 834 2841 vidstm
852 2784 1004 2857 praestare
1022 2788 1056 2842 P.

241 2871 388 2949 plurimis
402 2872 503 2930 autem
522 2870 596 2929 locis
615 2869 815 2929 difficiliorem
829 2890 919 2946 quarn
933 2875 959 2930 P
979 2871 1102 2947 praebet
1117 2872 1202 2931 leoti-

169 2980 275 3034 onem,
291 2982 319 3018 ω
338 2962 371 3018 in
384 2960 541 3037 vulgarem
556 2977 591 3018 ao
604 2959 710 3018 tritam
723 2958 935 3035 pessumdedit.
961 2962 997 3019 cf.
1018 2980 1040 3018 e.
1052 2981 1080 3039 g.
1097 2964 1125 3036 3,
1136 2963 1200 3021 412

170 3050 228 3107 ubi
248 3068 321 3111 cum
340 3050 446 3109 calidis
465 3047 545 3124 quod
559 3050 672 3125 optime
686 3048 800 3107 dietum
814 3052 868 3123 est,
886 3068 947 3109 non
965 3048 1201 3128 intellegeretur,

171 3141 266 3198 inane
288 3142 382 3214 atque
400 3139 537 3213 ineptum
551 3136 732 3197 attributum
750 3141 841 3197 roseis
860 3138 1056 3198 substitutum
1075 3142 1127 3199 est.
1156 3159 1200 3198 66-

171 3247 259 3287 rores
284 3231 385 3287 antem
409 3245 425 3285 6
448 3226 618 3286 minuscula
641 3226 790 3302 scriptura
814 3228 969 3303 repetendi
998 3246 1057 3286 non
1083 3232 1201 3287 exstant

172 3335 352 3377 communes
365 3318 403 3380 ¹in
422 3321 450 3375 P
468 3318 499 3375 61
517 3306 582 3396 rofi)

250 3454 278 3519 1)
297 3452 367 3505 Aen.
383 3456 409 3518 6,
425 3455 458 3503 16
477 3450 583 3520 gelidas
602 3491 652 3504 ...
671 3451 710 3505 ad
728 3451 835 3506 Arctos.

250 3524 280 3591 2)
298 3521 335 3576 ci.
355 3522 425 3576 Aen.
441 3526 528 3584 1432
547 3522 620 3575 ensis
700 3523 850 3577 1666661111
868 3529 962 3578 666166.

249 3596 279 3663 6)
297 3592 399 3647 Rhein.
414 3591 486 3645 nus.
502 3597 534 3645 sr
554 3594 654 3661 (1ses),
674 3610 701 3663 p.
713 3599 755 3647 66.

249 3667 281 3730 4)
299 3663 334 3719 cf.
354 3664 424 3719 Aen.
441 3668 465 3729 7,
476 3668 519 3717 13.
541 3668 653 3729 10‚103.

249 3738 280 3805 b)
297 3738 374 3790 errat
393 3736 429 3790 de
447 3735 501 3788 hac
519 3750 549 3789 66
568 3732 720 3789 Garrodius
739 3736 827 3806 praef.
843 3754 870 3805 p.
885 3734 934 3791 VI:
959 3752 1031 3804 quae
1051 3735 1117 3791 inde
1136 3754 1200 3791 con-

173 3805 275 3874 clusit,
291 3806 402 3861 futtilia
420 3808 494 3860 snut.
522 3805 619 3875 itaque
633 3823 685 3861 neo
703 3807 778 3875 qnod
794 3807 828 3861 de
843 3808 996 3877 archetypo
1016 3808 1141 3862 omnium
1155 3823 1200 3863 oo-

173 3877 277 3932 dicum
290 3880 321 3933 61
334 3883 354 3930 P
368 3880 398 3931 et
406 3896 435 3932 ω
450 3875 563 3931 6666616
578 3876 638 3933 iere
652 3880 751 3933 octavo
766 3879 872 3948 scripto
885 3895 936 3934 nee
951 3879 1027 3947 quod
1041 3880 1076 3933 de
1091 3878 1199 3949 duplici

173 3947 335 4004 Thebaidis
345 3948 470 4003 editione
480 3947 600 4019 protulit
614 3950 718 4004 abusus
728 3949 815 4005 Theb.
832 3956 874 4017 11,
885 3954 936 4004 812
947 3967 988 4018 sq.
1008 3949 1073 4004 Silv.
1085 3951 1199 4019 ipraef.
