2959 4659
269 571 336 635 270
634 569 663 624 P.
683 569 806 623 PAPINI
824 569 929 623 STATI

269 756 329 818 pos
352 739 479 819 tergum
504 737 537 797 et
558 733 632 797 litui
656 732 777 796 bellum
800 734 951 797 invenere
974 733 1084 796 secuti.

270 828 380 888 tentus
404 823 443 886 ab
468 822 585 906 exiguo
609 822 769 887 crudescit
791 823 947 906 sanguine
970 821 1112 886 Mavors!

269 916 385 977 ventus
408 912 457 976 uti
479 914 600 994 primas
625 911 721 975 struit
743 911 829 974 intra
849 909 963 975 nubila
985 912 1078 992 vires,
1237 927 1293 974 625

270 1001 351 1066 lenis
376 1000 489 1083 adhuc,
512 1000 706 1082 frondesque
728 1004 761 1064 et
784 1005 896 1084 aperte
918 1000 1085 1064 cacumina
1106 1003 1222 1083 gestat,

273 1113 348 1156 mox
371 1091 479 1175 rapuit
501 1111 614 1154 nemus
638 1094 670 1153 et
693 1094 821 1155 montes
843 1090 996 1173 patefecit
1018 1110 1146 1172 opacos.

336 1201 422 1243 nunc
444 1200 513 1263 age,
535 1178 668 1261 Pieriae,
689 1200 757 1243 non
780 1201 837 1242 vos
860 1179 1050 1265 longinqua,
1069 1199 1205 1262 sorores,

270 1267 476 1350 consulimus,
499 1271 621 1332 vestras
645 1266 730 1331 acies
753 1272 956 1350 vestramque
978 1267 1095 1330 referte

270 1357 422 1442 Aoniam,
445 1357 573 1421 vidistis
596 1357 691 1438 enim,
715 1357 792 1419 dum
815 1357 918 1421 Marte
940 1357 1125 1440 propinquo
1236 1373 1291 1421 636

270 1447 403 1511 horrent
426 1445 609 1529 Tyrrhenos
633 1445 804 1510 Heliconia
825 1444 948 1530 plectra
969 1444 1138 1509 tumultus.

338 1535 507 1600 Sidonium
530 1534 679 1599 Pterelan
702 1534 832 1619 sonipes
855 1537 937 1599 mele
960 1535 1044 1598 fidus
1066 1534 1101 1597 in
1124 1535 1224 1598 armis

271 1629 483 1708 rumpentem·
497 1625 605 1688 frenos
629 1623 755 1689 diversa
777 1646 835 1709 per
857 1626 987 1709 agmina
1008 1627 1116 1706 raptet

270 1715 334 1778 iem
357 1714 448 1797 liber,
472 1716 519 1778 sic
541 1714 625 1777 fessa
648 1736 776 1777 manus:
799 1714 888 1777 venit
910 1712 1003 1776 hasta
1026 1734 1085 1795 per
1107 1734 1216 1776 armos

270 1803 397 1886 Tydeos
421 1807 453 1867 et
474 1803 601 1866 laevum
625 1803 733 1866 iuveni
755 1803 993 1866 transverberat
1015 1803 1135 1886 inguen
1236 1818 1290 1865 666

269 1891 494 1975 labentemque
517 1892 632 1977 adfigit
654 1913 750 1976 equo,
773 1892 860 1977 fugit
881 1892 936 1955 ille
959 1895 1126 1975 perempto

271 1985 438 2046 consertus
461 1981 602 2064 domino,
623 2003 683 2044 uec
705 1982 769 2044 iam
794 2003 883 2043 erma
906 1985 963 2044 aut
984 1981 1074 2043 frena
1096 1983 1264 2043 tenentem

269 2075 379 2155 portat
402 2070 522 2135 adhuc:
543 2092 600 2134 ceu
623 2070 767 2134 noudum
790 2070 898 2134 anima
919 2069 1063 2134 defectus
1085 2072 1225 2152 utraque

271 2181 343 2224 cum
368 2182 426 2223 sue
450 2158 627 2223 (tentamus
651 2160 791 2223 moriens
814 2160 849 2223 in
871 2163 963 2244 terga
985 2157 1152 2222 recumbit.

271 2251 372 2313 certat
396 2271 476 2332 opus
500 2249 589 2313 ferri:
613 2253 762 2312 sternunt
784 2248 907 2313 alterna
929 2248 1072 2312 fiuentm
1236 2264 1291 2312 646

270 2337 500 2422 Hippomedon
524 2336 671 2423 Sybarin,
694 2337 823 2421 Pylium
845 2336 1041 2422 Periphanta
1063 2336 1270 2419 Menoeceus,

270 2426 533 2510 Parthenopaeus
555 2426 645 2511 Ityn:
670 2425 803 2512 Sybaris
826 2426 909 2490 iacet
931 2447 1006 2490 ense
1028 2428 1172 2510 cruento,

271 2516 401 2600 cuspide
424 2521 499 2580 trux
522 2515 687 2600 Periphas,
710 2514 779 2600 Itys
803 2515 975 2580 insidiante
999 2515 1126 2600 sagitta.

343 2767 394 2815 628
413 2761 481 2816 Post
498 2764 647 2832 tergumP
701 2762 839 2815 invertere
854 2767 884 2816 σε
904 2778 970 2828 -que
984 2760 1107 2814 inierelt
1182 2766 1234 2815 624
1253 2762 1291 2815 ab

271 2833 432 2905 exiguom:
460 2834 490 2886 in
513 2833 645 2904 ambiguo
668 2838 688 2885 P
716 2835 744 2902 (i.
769 2835 872 2887 animis
899 2834 1046 2902 ambesas,
1075 2832 1215 2901 sanguine
1234 2835 1290 2888 obl.

270 2907 348 2960 ineu.
378 2906 449 2974 qaod
468 2907 559 2973 sprevi
580 2911 695 2974 propter
721 2906 892 2959 roubertum
924 2905 1021 2957 tantus
1045 2945 1077 2956 ..
1102 2904 1217 2974 exiguo)

271 3018 323 3066 625
342 3012 441 3066 soriti
493 3010 568 3065 intra
586 3016 618 3065 P:
637 3011 712 3064 inter
730 3029 759 3065 ω
812 2989 909 3065 nibila
926 3010 972 3064 13¹:
991 3008 1090 3063 nubila
1103 3027 1138 3065 cx
1150 3028 1180 3064 -o
1198 3013 1236 3071 αι

271 3142 323 3190 626
342 3139 441 3206 aperta
459 3153 492 3191 ea
510 3151 559 3205 op·
579 3136 613 3195 αἱ
667 3095 806 3189 racimina
824 3135 857 3187 11¹
929 3140 980 3188 627
999 3113 1095 3188 nemis
1113 3136 1154 3187 1¹
1208 3139 1290 3204 pete·

270 3220 340 3310 ficit
366 3243 408 3296 1²
497 3248 548 3296 628
575 3259 634 3295 nan
660 3260 694 3297 aa
720 3258 777 3295 non
804 3248 836 3295 Pr
862 3243 984 3311 (vidoro
1010 3243 1125 3296 octabae
1151 3245 1236 3310 nam)

271 3320 321 3370 661
340 3314 488 3383 tyrrhenos
507 3332 540 3369 ex
558 3331 603 3368 -us
622 3314 656 3367 P¹
736 3319 788 3367 662
807 3314 892 3367 armis
911 3330 951 3367 or:
981 3313 1092 3366 arnsP
1149 3313 1290 3383 pteleram

270 3392 325 3440 Μ
340 3385 516 3455 pteletranu
571 3391 623 3440 666
633 3385 779 3439 advorsae
834 3389 885 3439 664
896 3385 944 3438 sed
955 3384 1104 3438 fixemanu
1113 3385 1290 3455 Peyrercdas

323 3479 430 3547 h'staL’
482 3509 573 3546 armos
588 3498 663 3546 (6Ρῆ
683 3470 779 3562 effinges
793 3492 839 3545 13¹:
859 3491 956 3546 ambos
970 3492 1004 3543 P¹
1058 3496 1109 3545 666
1124 3490 1254 3559 Tydaeos
1268 3498 1289 3545 P

324 3565 419 3619 iuveni
440 3569 506 3619 Pm:
534 3563 591 3616 ·nis
617 3568 769 3630 ennom
835 3562 1043 3617 transverberat
1064 3579 1098 3616 ex
1119 3580 1178 3614 -rv-
1200 3563 1235 3615 P¹

272 3641 323 3688 636
343 3635 443 3705 adfigit
460 3653 494 3691 ccc
511 3634 618 3690 adfecit
635 3640 667 3686 Pe
739 3639 790 3687 666
806 3636 982 3689 centaurosr
1039 3639 1091 3687 640
1110 3635 1240 3688 sternunt
1252 3640 1287 3689 P:

271 3709 454 3776 sternuntque
469 3725 497 3760 ω
547 3712 598 3759 641
612 3713 681 3760 reete
699 3706 830 3760 distinxit
843 3707 985 3761 Bentleiue
1038 3705 1238 3773 Hippodamen
1253 3711 1286 3761 P:

269 3791 466 3881 Hyppoffcdon
484 3811 516 3864 b'
569 3811 692 3879 sybarim
706 3816 738 3862 P:
757 3812 897 3865 sabarint
943 3811 1126 3881 peripantatt
1173 3828 1288 3866 moeno-

270 3889 368 3936 ceusP
421 3882 591 3952 periphenta
612 3897 754 3949 capaneus
772 3884 837 3936 add.
856 3882 888 3935 b’
952 3888 1003 3936 642
1021 3882 1235 3951 Parthenopeus
1253 3901 1288 3938 ee

269 3953 343 4006 -the-
356 3959 387 4005 P⁰
441 3953 560 4020 ithynP
620 3956 671 4003 646
686 3952 878 4020 perhiphasB

624 4190 716 4230 A
