<?xml version="1.0" encoding="UTF-8"?>
<!DOCTYPE html PUBLIC "-//W3C//DTD XHTML 1.0 Transitional//EN"
    "http://www.w3.org/TR/xhtml1/DTD/xhtml1-transitional.dtd">
<html xmlns="http://www.w3.org/1999/xhtml" xml:lang="en" lang="en">
 <head>
  <title>
</title>
<meta http-equiv="Content-Type" content="text/html;charset=utf-8" />
  <meta name='ocr-system' content='tesseract 3.04.00' />
  <meta name='ocr-capabilities' content='ocr_page ocr_carea ocr_par ocr_line ocrx_word'/>
</head>
<body>
  <div class='ocr_page' id='page_1' title='image "./thebais00statgoog_0180.png"; bbox 0 0 2959 4659; ppageno 0'>
   <div class='ocr_carea' id='block_1_1' title="bbox 262 589 918 657">
    <p class='ocr_par' dir='ltr' id='par_1_1' title="bbox 262 589 918 657">
     <span class='ocr_line' id='line_1_1' title="bbox 262 589 918 657; baseline -0.002 -13"><span class='ocrx_word' id='word_1_1' title='bbox 262 591 305 657; x_wconf 90' lang='grc'><strong>66</strong></span> <span class='ocrx_word' id='word_1_2' title='bbox 621 590 652 644; x_wconf 90' lang='lat' dir='ltr'><strong>P.</strong></span> <span class='ocrx_word' id='word_1_3' title='bbox 671 589 795 644; x_wconf 86' lang='lat' dir='ltr'><strong>PAPINI</strong></span> <span class='ocrx_word' id='word_1_4' title='bbox 814 589 918 644; x_wconf 72' lang='lat' dir='ltr'><strong>snam</strong></span> 
     </span>
    </p>
   </div>
   <div class='ocr_carea' id='block_1_2' title="bbox 222 752 1361 3051">
    <p class='ocr_par' dir='ltr' id='par_1_2' title="bbox 261 752 1128 840">
     <span class='ocr_line' id='line_1_2' title="bbox 261 752 1128 840; baseline -0.003 -20"><span class='ocrx_word' id='word_1_5' title='bbox 261 777 334 840; x_wconf 78' lang='lat' dir='ltr'><strong>vox,</strong></span> <span class='ocrx_word' id='word_1_6' title='bbox 357 754 519 838; x_wconf 90' lang='lat' dir='ltr'><strong>fidamque</strong></span> <span class='ocrx_word' id='word_1_7' title='bbox 541 758 661 839; x_wconf 88' lang='lat' dir='ltr'><strong>negant</strong></span> <span class='ocrx_word' id='word_1_8' title='bbox 684 756 833 837; x_wconf 87' lang='lat' dir='ltr'><strong>suspecta</strong></span> <span class='ocrx_word' id='word_1_9' title='bbox 856 752 984 816; x_wconf 88' lang='lat' dir='ltr'><strong>silentia</strong></span> <span class='ocrx_word' id='word_1_10' title='bbox 1006 774 1128 836; x_wconf 85' lang='lat' dir='ltr'><strong>paoem.</strong></span> 
     </span>
    </p>

    <p class='ocr_par' dir='ltr' id='par_1_3' title="bbox 222 840 1057 925">
     <span class='ocr_line' id='line_1_3' title="bbox 222 840 1057 925; baseline -0.004 -16"><span class='ocrx_word' id='word_1_11' title='bbox 222 870 226 880; x_wconf 93' lang='lat'>·</span> <span class='ocrx_word' id='word_1_12' title='bbox 261 865 332 909; x_wconf 87' lang='lat' dir='ltr'><strong>ecoe</strong></span> <span class='ocrx_word' id='word_1_13' title='bbox 356 848 463 909; x_wconf 89' lang='lat' dir='ltr'><strong>autem</strong></span> <span class='ocrx_word' id='word_1_14' title='bbox 486 846 578 907; x_wconf 88' lang='lat' dir='ltr'><strong>vasto</strong></span> <span class='ocrx_word' id='word_1_15' title='bbox 603 840 734 907; x_wconf 80' lang='lat' dir='ltr'><strong>Cthonii</strong></span> <span class='ocrx_word' id='word_1_16' title='bbox 759 845 907 906; x_wconf 87' lang='lat' dir='ltr'><strong>contorta</strong></span> <span class='ocrx_word' id='word_1_17' title='bbox 928 842 1057 925; x_wconf 83' lang='lat' dir='ltr'><strong>lacerto,</strong></span> 
     </span>
    </p>

    <p class='ocr_par' dir='ltr' id='par_1_4' title="bbox 264 930 1130 1017">
     <span class='ocr_line' id='line_1_4' title="bbox 264 930 1130 1017; baseline -0.005 -19"><span class='ocrx_word' id='word_1_18' title='bbox 264 955 327 1017; x_wconf 90' lang='lat' dir='ltr'><strong>quo</strong></span> <span class='ocrx_word' id='word_1_19' title='bbox 352 934 431 997; x_wconf 89' lang='lat' dir='ltr'><strong>duce</strong></span> <span class='ocrx_word' id='word_1_20' title='bbox 454 934 538 998; x_wconf 79' lang='lat' dir='ltr'><strong>freta</strong></span> <span class='ocrx_word' id='word_1_21' title='bbox 561 930 686 1015; x_wconf 82' lang='lat' dir='ltr'><strong>cohors,</strong></span> <span class='ocrx_word' id='word_1_22' title='bbox 709 932 816 995; x_wconf 83' lang='lat' dir='ltr'><strong>fuscas</strong></span> <span class='ocrx_word' id='word_1_23' title='bbox 840 930 1013 996; x_wconf 79' lang='lat' dir='ltr'>intervolat</span> <span class='ocrx_word' id='word_1_24' title='bbox 1035 953 1130 995; x_wconf 89' lang='lat' dir='ltr'><strong>auras</strong></span> 
     </span>
    </p>

    <p class='ocr_par' dir='ltr' id='par_1_5' title="bbox 260 1019 1291 1108">
     <span class='ocr_line' id='line_1_5' title="bbox 260 1019 1291 1108; baseline -0.002 -21"><span class='ocrx_word' id='word_1_25' title='bbox 260 1024 367 1108; x_wconf 80' lang='lat' dir='ltr'><strong>hasta3</strong></span> <span class='ocrx_word' id='word_1_26' title='bbox 391 1021 446 1086; x_wconf 87' lang='lat' dir='ltr'><strong>sed</strong></span> <span class='ocrx_word' id='word_1_27' title='bbox 468 1021 600 1086; x_wconf 76' lang='lat' dir='ltr'><strong>audenti</strong></span> <span class='ocrx_word' id='word_1_28' title='bbox 624 1020 701 1084; x_wconf 88' lang='lat' dir='ltr'><strong>deus</strong></span> <span class='ocrx_word' id='word_1_29' title='bbox 725 1025 758 1086; x_wconf 92' lang='lat' dir='ltr'><strong>et</strong></span> <span class='ocrx_word' id='word_1_30' title='bbox 780 1019 911 1084; x_wconf 88' lang='lat' dir='ltr'><strong>fortuna</strong></span> <span class='ocrx_word' id='word_1_31' title='bbox 933 1020 1073 1084; x_wconf 73' lang='lat' dir='ltr'><strong>recessit.</strong></span> <span class='ocrx_word' id='word_1_32' title='bbox 1232 1039 1291 1085; x_wconf 79' lang='lat'><strong>540</strong></span> 
     </span>
    </p>

    <p class='ocr_par' dir='ltr' id='par_1_6' title="bbox 260 1109 1113 1195">
     <span class='ocr_line' id='line_1_6' title="bbox 260 1109 1113 1195; baseline -0.004 -20"><span class='ocrx_word' id='word_1_33' title='bbox 260 1133 319 1195; x_wconf 89' lang='lat' dir='ltr'><strong>per</strong></span> <span class='ocrx_word' id='word_1_34' title='bbox 341 1116 449 1176; x_wconf 88' lang='lat' dir='ltr'><strong>tamen</strong></span> <span class='ocrx_word' id='word_1_35' title='bbox 473 1109 578 1175; x_wconf 87' lang='lat' dir='ltr'><strong>Olenii</strong></span> <span class='ocrx_word' id='word_1_36' title='bbox 602 1112 745 1195; x_wconf 84' lang='lat' dir='ltr'><strong>tegimen</strong></span> <span class='ocrx_word' id='word_1_37' title='bbox 768 1110 835 1173; x_wconf 87' lang='lat' dir='ltr'><strong>suis</strong></span> <span class='ocrx_word' id='word_1_38' title='bbox 859 1114 995 1192; x_wconf 88' lang='lat' dir='ltr'><strong>atraque</strong></span> <span class='ocrx_word' id='word_1_39' title='bbox 1015 1109 1113 1173; x_wconf 89' lang='lat' dir='ltr'><strong>saetis</strong></span> 
     </span>
    </p>

    <p class='ocr_par' dir='ltr' id='par_1_7' title="bbox 261 1199 1010 1286">
     <span class='ocr_line' id='line_1_7' title="bbox 261 1199 1010 1286; baseline -0.004 -22"><span class='ocrx_word' id='word_1_40' title='bbox 261 1208 351 1286; x_wconf 86' lang='lat' dir='ltr'><strong>terga</strong></span> <span class='ocrx_word' id='word_1_41' title='bbox 375 1221 471 1284; x_wconf 88' lang='lat' dir='ltr'><strong>super</strong></span> <span class='ocrx_word' id='word_1_42' title='bbox 493 1200 602 1264; x_wconf 85' lang='lat' dir='ltr'><strong>laevos</strong></span> <span class='ocrx_word' id='word_1_43' title='bbox 624 1219 755 1264; x_wconf 89' lang='lat' dir='ltr'><strong>umeros</strong></span> <span class='ocrx_word' id='word_1_44' title='bbox 777 1199 884 1262; x_wconf 82' lang='lat' dir='ltr'><strong>vicina</strong></span> <span class='ocrx_word' id='word_1_45' title='bbox 906 1199 1010 1262; x_wconf 89' lang='lat' dir='ltr'><strong>cruori</strong></span> 
     </span>
    </p>

    <p class='ocr_par' dir='ltr' id='par_1_8' title="bbox 260 1286 1063 1375">
     <span class='ocr_line' id='line_1_8' title="bbox 260 1286 1063 1375; baseline -0.004 -21"><span class='ocrx_word' id='word_1_46' title='bbox 260 1290 375 1375; x_wconf 83' lang='lat' dir='ltr'><strong>effugit</strong></span> <span class='ocrx_word' id='word_1_47' title='bbox 399 1294 431 1352; x_wconf 90' lang='lat' dir='ltr'><strong>et</strong></span> <span class='ocrx_word' id='word_1_48' title='bbox 453 1289 550 1354; x_wconf 87' lang='lat' dir='ltr'><strong>viduo</strong></span> <span class='ocrx_word' id='word_1_49' title='bbox 574 1288 722 1374; x_wconf 89' lang='lat' dir='ltr'><strong>iugulum</strong></span> <span class='ocrx_word' id='word_1_50' title='bbox 746 1287 822 1351; x_wconf 87' lang='lat' dir='ltr'><strong>ferit</strong></span> <span class='ocrx_word' id='word_1_51' title='bbox 845 1287 943 1351; x_wconf 88' lang='lat' dir='ltr'><strong>inrita</strong></span> <span class='ocrx_word' id='word_1_52' title='bbox 965 1286 1063 1372; x_wconf 88' lang='lat' dir='ltr'><strong>ligno.</strong></span> 
     </span>
    </p>

    <p class='ocr_par' dir='ltr' id='par_1_9' title="bbox 260 1376 1155 1462">
     <span class='ocr_line' id='line_1_9' title="bbox 260 1376 1155 1462; baseline -0.001 -20"><span class='ocrx_word' id='word_1_53' title='bbox 260 1383 339 1445; x_wconf 89' lang='lat' dir='ltr'><strong>tunc</strong></span> <span class='ocrx_word' id='word_1_54' title='bbox 361 1378 492 1442; x_wconf 88' lang='lat' dir='ltr'><strong>horrere</strong></span> <span class='ocrx_word' id='word_1_55' title='bbox 516 1399 625 1442; x_wconf 89' lang='lat' dir='ltr'><strong>comae</strong></span> <span class='ocrx_word' id='word_1_56' title='bbox 649 1376 844 1461; x_wconf 80' lang='lat' dir='ltr'><strong>sanguisque</strong></span> <span class='ocrx_word' id='word_1_57' title='bbox 867 1377 901 1440; x_wconf 94' lang='lat' dir='ltr'><strong>in</strong></span> <span class='ocrx_word' id='word_1_58' title='bbox 925 1376 1022 1441; x_wconf 89' lang='lat' dir='ltr'><strong>corda</strong></span> <span class='ocrx_word' id='word_1_59' title='bbox 1045 1376 1155 1462; x_wconf 88' lang='lat' dir='ltr'><strong>gelari.</strong></span> 
     </span>
    </p>

    <p class='ocr_par' dir='ltr' id='par_1_10' title="bbox 260 1465 1292 1551">
     <span class='ocr_line' id='line_1_10' title="bbox 260 1465 1292 1551; baseline 0 -19"><span class='ocrx_word' id='word_1_60' title='bbox 260 1468 325 1534; x_wconf 87' lang='lat' dir='ltr'><strong>huc</strong></span> <span class='ocrx_word' id='word_1_61' title='bbox 348 1469 434 1532; x_wconf 90' lang='lat' dir='ltr'><strong>ferus</strong></span> <span class='ocrx_word' id='word_1_62' title='bbox 458 1471 554 1551; x_wconf 88' lang='lat' dir='ltr'><strong>atque</strong></span> <span class='ocrx_word' id='word_1_63' title='bbox 577 1466 654 1531; x_wconf 91' lang='lat' dir='ltr'><strong>illuc</strong></span> <span class='ocrx_word' id='word_1_64' title='bbox 678 1467 820 1530; x_wconf 90' lang='lat' dir='ltr'><strong>animum</strong></span> <span class='ocrx_word' id='word_1_65' title='bbox 844 1465 1062 1549; x_wconf 79' lang='lat' dir='ltr'><strong>pallentiaque</strong></span> <span class='ocrx_word' id='word_1_66' title='bbox 1085 1466 1134 1529; x_wconf 87' lang='lat' dir='ltr'><strong>ira</strong></span> <span class='ocrx_word' id='word_1_67' title='bbox 1232 1484 1292 1532; x_wconf 79' lang='grc'><strong>646</strong></span> 
     </span>
    </p>

    <p class='ocr_par' dir='ltr' id='par_1_11' title="bbox 262 1554 1235 1638">
     <span class='ocr_line' id='line_1_11' title="bbox 262 1554 1235 1638; baseline -0.002 -16"><span class='ocrx_word' id='word_1_68' title='bbox 262 1579 318 1622; x_wconf 90' lang='lat' dir='ltr'><strong>ora</strong></span> <span class='ocrx_word' id='word_1_69' title='bbox 340 1557 445 1622; x_wconf 89' lang='lat' dir='ltr'><strong>ferens</strong></span> <span class='ocrx_word' id='word_1_70' title='bbox 468 1593 513 1601; x_wconf 96' lang='lat'><strong>—</strong></span> <span class='ocrx_word' id='word_1_71' title='bbox 536 1576 595 1619; x_wconf 89' lang='lat' dir='ltr'><strong>nec</strong></span> <span class='ocrx_word' id='word_1_72' title='bbox 617 1559 708 1620; x_wconf 90' lang='lat' dir='ltr'><strong>tanta</strong></span> <span class='ocrx_word' id='word_1_73' title='bbox 730 1559 826 1638; x_wconf 91' lang='lat' dir='ltr'><strong>putat</strong></span> <span class='ocrx_word' id='word_1_74' title='bbox 849 1554 911 1618; x_wconf 91' lang='lat' dir='ltr'><strong>sibi</strong></span> <span class='ocrx_word' id='word_1_75' title='bbox 934 1554 1018 1619; x_wconf 90' lang='lat' dir='ltr'><strong>bella</strong></span> <span class='ocrx_word' id='word_1_76' title='bbox 1042 1555 1151 1638; x_wconf 87' lang='lat' dir='ltr'><strong>parari</strong></span> <span class='ocrx_word' id='word_1_77' title='bbox 1173 1579 1235 1620; x_wconf 77' lang='grc' dir='ltr'><strong>-ε</strong></span> 
     </span>
    </p>

    <p class='ocr_par' dir='ltr' id='par_1_12' title="bbox 261 1643 1180 1731">
     <span class='ocr_line' id='line_1_12' title="bbox 261 1643 1180 1731; baseline -0.001 -21"><span class='ocrx_word' id='word_1_78' title='bbox 261 1647 353 1711; x_wconf 84' lang='lat' dir='ltr'><strong>‘ferte</strong></span> <span class='ocrx_word' id='word_1_79' title='bbox 377 1645 512 1731; x_wconf 84' lang='lat' dir='ltr'><strong>gradum</strong></span> <span class='ocrx_word' id='word_1_80' title='bbox 537 1647 648 1708; x_wconf 90' lang='lat' dir='ltr'><strong>contra</strong></span> <span class='ocrx_word' id='word_1_81' title='bbox 672 1665 849 1728; x_wconf 80' lang='lat' dir='ltr'><strong>campoque</strong></span> <span class='ocrx_word' id='word_1_82' title='bbox 872 1643 1030 1728; x_wconf 87' lang='lat' dir='ltr'><strong>erumpite</strong></span> <span class='ocrx_word' id='word_1_83' title='bbox 1053 1647 1180 1727; x_wconf 87' lang='lat' dir='ltr'><strong>aperto!</strong></span> 
     </span>
    </p>

    <p class='ocr_par' dir='ltr' id='par_1_13' title="bbox 261 1732 1146 1818">
     <span class='ocr_line' id='line_1_13' title="bbox 261 1732 1146 1818; baseline -0.002 -20"><span class='ocrx_word' id='word_1_84' title='bbox 261 1736 333 1818; x_wconf 88' lang='lat' dir='ltr'><strong>quis</strong></span> <span class='ocrx_word' id='word_1_85' title='bbox 356 1736 454 1800; x_wconf 89' lang='lat' dir='ltr'><strong>timor</strong></span> <span class='ocrx_word' id='word_1_86' title='bbox 477 1733 623 1814; x_wconf 85' lang='lat' dir='ltr'><strong>audendi,</strong></span> <span class='ocrx_word' id='word_1_87' title='bbox 647 1755 727 1816; x_wconf 90' lang='lat' dir='ltr'><strong>quae</strong></span> <span class='ocrx_word' id='word_1_88' title='bbox 751 1737 842 1797; x_wconf 87' lang='lat' dir='ltr'><strong>tanta</strong></span> <span class='ocrx_word' id='word_1_89' title='bbox 865 1732 1015 1818; x_wconf 78' lang='lat' dir='ltr'><strong>ignavia?</strong></span> <span class='ocrx_word' id='word_1_90' title='bbox 1047 1733 1146 1815; x_wconf 88' lang='lat' dir='ltr'><strong>solus,</strong></span> 
     </span>
    </p>

    <p class='ocr_par' dir='ltr' id='par_1_14' title="bbox 262 1821 1293 1907">
     <span class='ocr_line' id='line_1_14' title="bbox 262 1821 1293 1907; baseline 0 -19"><span class='ocrx_word' id='word_1_91' title='bbox 262 1823 349 1888; x_wconf 87' lang='lat' dir='ltr'><strong>solus</strong></span> <span class='ocrx_word' id='word_1_92' title='bbox 364 1824 397 1887; x_wconf 94' lang='lat' dir='ltr'><strong>in</strong></span> <span class='ocrx_word' id='word_1_93' title='bbox 412 1822 615 1887; x_wconf 70' lang='lat' dir='ltr'><strong>amaraco?</strong></span> <span class='ocrx_word' id='word_1_94' title='bbox 645 1843 749 1905; x_wconf 91' lang='lat' dir='ltr'><strong>neque</strong></span> <span class='ocrx_word' id='word_1_95' title='bbox 763 1821 796 1885; x_wconf 93' lang='lat' dir='ltr'><strong>in</strong></span> <span class='ocrx_word' id='word_1_96' title='bbox 811 1821 863 1886; x_wconf 90' lang='lat' dir='ltr'><strong>his</strong></span> <span class='ocrx_word' id='word_1_97' title='bbox 876 1844 980 1907; x_wconf 80' lang='lat' dir='ltr'><strong>mora3</strong></span> <span class='ocrx_word' id='word_1_98' title='bbox 996 1843 1076 1906; x_wconf 90' lang='lat' dir='ltr'><strong>quos</strong></span> <span class='ocrx_word' id='word_1_99' title='bbox 1090 1822 1148 1886; x_wconf 92' lang='lat' dir='ltr'><strong>ubi</strong></span> <span class='ocrx_word' id='word_1_100' title='bbox 1162 1821 1293 1907; x_wconf 83' lang='lat' dir='ltr'><strong>plures,</strong></span> 
     </span>
    </p>

    <p class='ocr_par' dir='ltr' id='par_1_15' title="bbox 261 1910 1293 1997">
     <span class='ocr_line' id='line_1_15' title="bbox 261 1910 1293 1997; baseline 0.001 -21"><span class='ocrx_word' id='word_1_101' title='bbox 261 1934 358 1997; x_wconf 90' lang='lat' dir='ltr'><strong>quam</strong></span> <span class='ocrx_word' id='word_1_102' title='bbox 381 1916 479 1995; x_wconf 87' lang='lat' dir='ltr'><strong>ratus,</strong></span> <span class='ocrx_word' id='word_1_103' title='bbox 502 1911 679 1976; x_wconf 90' lang='lat' dir='ltr'><strong>innumeris</strong></span> <span class='ocrx_word' id='word_1_104' title='bbox 703 1911 791 1974; x_wconf 87' lang='lat' dir='ltr'><strong>videt</strong></span> <span class='ocrx_word' id='word_1_105' title='bbox 814 1932 982 1975; x_wconf 83' lang='lat' dir='ltr'><strong>excursare</strong></span> <span class='ocrx_word' id='word_1_106' title='bbox 1003 1910 1147 1995; x_wconf 86' lang='lat' dir='ltr'><strong>latebris,</strong></span> <span class='ocrx_word' id='word_1_107' title='bbox 1230 1929 1293 1977; x_wconf 82' lang='grc'><strong>660</strong></span> 
     </span>
    </p>

    <p class='ocr_par' dir='ltr' id='par_1_16' title="bbox 258 1999 945 2086">
     <span class='ocr_line' id='line_1_16' title="bbox 258 1999 945 2086; baseline -0.003 -20"><span class='ocrx_word' id='word_1_108' title='bbox 258 2002 318 2066; x_wconf 88' lang='lat' dir='ltr'><strong>hos</strong></span> <span class='ocrx_word' id='word_1_109' title='bbox 343 2001 460 2065; x_wconf 89' lang='lat' dir='ltr'><strong>deire</strong></span> <span class='ocrx_word' id='word_1_110' title='bbox 451 2002 546 2086; x_wconf 86' lang='lat' dir='ltr'><strong>rugis,</strong></span> <span class='ocrx_word' id='word_1_111' title='bbox 569 2000 685 2064; x_wconf 89' lang='lat' dir='ltr'><strong>illose</strong></span> <span class='ocrx_word' id='word_1_112' title='bbox 707 2000 879 2064; x_wconf 77' lang='lat' dir='ltr'><strong>vallibus</strong></span> <span class='ocrx_word' id='word_1_113' title='bbox 871 1999 945 2064; x_wconf 87' lang='lat' dir='ltr'><strong>nnis</strong></span> 
     </span>
    </p>

    <p class='ocr_par' dir='ltr' id='par_1_17' title="bbox 260 2088 1181 2174">
     <span class='ocr_line' id='line_1_17' title="bbox 260 2088 1181 2174; baseline -0.004 -18"><span class='ocrx_word' id='word_1_114' title='bbox 260 2111 407 2172; x_wconf 85' lang='lat' dir='ltr'><strong>crescere,</strong></span> <span class='ocrx_word' id='word_1_115' title='bbox 431 2111 490 2154; x_wconf 90' lang='lat' dir='ltr'><strong>nec</strong></span> <span class='ocrx_word' id='word_1_116' title='bbox 513 2111 632 2174; x_wconf 83' lang='lat' dir='ltr'><strong>paucos</strong></span> <span class='ocrx_word' id='word_1_117' title='bbox 657 2111 781 2173; x_wconf 80' lang='lat' dir='ltr'><strong>campe,</strong></span> <span class='ocrx_word' id='word_1_118' title='bbox 803 2092 974 2173; x_wconf 89' lang='lat' dir='ltr'><strong>totumque</strong></span> <span class='ocrx_word' id='word_1_119' title='bbox 996 2088 1056 2152; x_wconf 89' lang='lat' dir='ltr'><strong>sub</strong></span> <span class='ocrx_word' id='word_1_120' title='bbox 1081 2091 1181 2153; x_wconf 87' lang='lat' dir='ltr'><strong>armis</strong></span> 
     </span>
    </p>

    <p class='ocr_par' dir='ltr' id='par_1_18' title="bbox 259 2177 1050 2264">
     <span class='ocr_line' id='line_1_18' title="bbox 259 2177 1050 2264; baseline -0.004 -20"><span class='ocrx_word' id='word_1_121' title='bbox 259 2179 427 2245; x_wconf 89' lang='lat' dir='ltr'><strong>conlucere</strong></span> <span class='ocrx_word' id='word_1_122' title='bbox 450 2179 520 2264; x_wconf 85' lang='lat' dir='ltr'><strong>iter,</strong></span> <span class='ocrx_word' id='word_1_123' title='bbox 542 2183 580 2242; x_wconf 93' lang='lat' dir='ltr'><strong>ut</strong></span> <span class='ocrx_word' id='word_1_124' title='bbox 566 2177 728 2242; x_wconf 88' lang='lat' dir='ltr'><strong>tolausas</strong></span> <span class='ocrx_word' id='word_1_125' title='bbox 751 2177 903 2263; x_wconf 84' lang='lat' dir='ltr'><strong>indagine</strong></span> <span class='ocrx_word' id='word_1_126' title='bbox 926 2178 1050 2262; x_wconf 85' lang='lat' dir='ltr'><strong>profert</strong></span> 
     </span>
    </p>

    <p class='ocr_par' dir='ltr' id='par_1_19' title="bbox 260 2267 1157 2352">
     <span class='ocr_line' id='line_1_19' title="bbox 260 2267 1157 2352; baseline -0.001 -20"><span class='ocrx_word' id='word_1_127' title='bbox 260 2269 296 2332; x_wconf 92' lang='lat' dir='ltr'><strong>in</strong></span> <span class='ocrx_word' id='word_1_128' title='bbox 317 2269 459 2332; x_wconf 90' lang='lat' dir='ltr'><strong>medium</strong></span> <span class='ocrx_word' id='word_1_129' title='bbox 483 2289 546 2333; x_wconf 84' lang='lat' dir='ltr'><strong>vox</strong></span> <span class='ocrx_word' id='word_1_130' title='bbox 569 2269 672 2352; x_wconf 87' lang='lat' dir='ltr'><strong>prima</strong></span> <span class='ocrx_word' id='word_1_131' title='bbox 695 2268 788 2349; x_wconf 82' lang='lat' dir='ltr'><strong>feras,</strong></span> <span class='ocrx_word' id='word_1_132' title='bbox 813 2288 894 2351; x_wconf 90' lang='lat' dir='ltr'><strong>quae</strong></span> <span class='ocrx_word' id='word_1_133' title='bbox 917 2269 987 2332; x_wconf 90' lang='lat' dir='ltr'><strong>sola</strong></span> <span class='ocrx_word' id='word_1_134' title='bbox 1009 2267 1157 2331; x_wconf 87' lang='lat' dir='ltr'><strong>medendi</strong></span> 
     </span>
    </p>

    <p class='ocr_par' dir='ltr' id='par_1_20' title="bbox 259 2328 1358 2440">
     <span class='ocr_line' id='line_1_20' title="bbox 259 2328 1358 2440; baseline 0.001 -18"><span class='ocrx_word' id='word_1_135' title='bbox 259 2358 389 2422; x_wconf 89' lang='lat' dir='ltr'><strong>turbata</strong></span> <span class='ocrx_word' id='word_1_136' title='bbox 410 2357 535 2422; x_wconf 88' lang='lat' dir='ltr'><strong>ratione</strong></span> <span class='ocrx_word' id='word_1_137' title='bbox 558 2357 612 2421; x_wconf 79' lang='lat' dir='ltr'><strong>via</strong></span> <span class='ocrx_word' id='word_1_138' title='bbox 634 2360 691 2440; x_wconf 83' lang='lat' dir='ltr'><strong>est,</strong></span> <span class='ocrx_word' id='word_1_139' title='bbox 714 2357 798 2440; x_wconf 90' lang='lat' dir='ltr'><strong>petit</strong></span> <span class='ocrx_word' id='word_1_140' title='bbox 821 2356 921 2420; x_wconf 89' lang='lat' dir='ltr'><strong>ardua</strong></span> <span class='ocrx_word' id='word_1_141' title='bbox 944 2357 1031 2420; x_wconf 88' lang='lat' dir='ltr'><strong>dirae</strong></span> <span class='ocrx_word' id='word_1_142' title='bbox 1228 2375 1292 2423; x_wconf 77' lang='grc'><strong>666</strong></span> <span class='ocrx_word' id='word_1_143' title='bbox 1352 2328 1358 2401; x_wconf 85' lang='lat' dir='ltr'><strong>l</strong></span> 
     </span>
    </p>

    <p class='ocr_par' dir='ltr' id='par_1_21' title="bbox 262 2444 1135 2532">
     <span class='ocr_line' id='line_1_21' title="bbox 262 2444 1135 2532; baseline 0 -22"><span class='ocrx_word' id='word_1_144' title='bbox 262 2444 425 2532; x_wconf 83' lang='lat' dir='ltr'><strong>Sphingos</strong></span> <span class='ocrx_word' id='word_1_145' title='bbox 450 2449 481 2510; x_wconf 91' lang='lat' dir='ltr'><strong>et</strong></span> <span class='ocrx_word' id='word_1_146' title='bbox 505 2446 638 2512; x_wconf 87' lang='lat' dir='ltr'><strong>abscisis</strong></span> <span class='ocrx_word' id='word_1_147' title='bbox 661 2447 841 2531; x_wconf 85' lang='lat' dir='ltr'><strong>infringens</strong></span> <span class='ocrx_word' id='word_1_148' title='bbox 864 2446 1013 2510; x_wconf 91' lang='lat' dir='ltr'><strong>cautibus</strong></span> <span class='ocrx_word' id='word_1_149' title='bbox 1036 2467 1135 2510; x_wconf 89' lang='lat' dir='ltr'><strong>uncas</strong></span> 
     </span>
    </p>

    <p class='ocr_par' dir='ltr' id='par_1_22' title="bbox 260 2414 1359 2649">
     <span class='ocr_line' id='line_1_22' title="bbox 260 2414 1359 2649; baseline 0.001 -50"><span class='ocrx_word' id='word_1_150' title='bbox 260 2538 431 2619; x_wconf 86' lang='lat' dir='ltr'><strong>exsuperat</strong></span> <span class='ocrx_word' id='word_1_151' title='bbox 454 2536 531 2621; x_wconf 89' lang='lat' dir='ltr'><strong>iuga</strong></span> <span class='ocrx_word' id='word_1_152' title='bbox 553 2536 623 2600; x_wconf 91' lang='lat' dir='ltr'><strong>dira</strong></span> <span class='ocrx_word' id='word_1_153' title='bbox 645 2557 769 2618; x_wconf 85' lang='lat' dir='ltr'><strong>manus,</strong></span> <span class='ocrx_word' id='word_1_154' title='bbox 792 2534 990 2618; x_wconf 88' lang='lat' dir='ltr'><strong>scopuloque</strong></span> <span class='ocrx_word' id='word_1_155' title='bbox 1012 2535 1147 2619; x_wconf 81' lang='lat' dir='ltr'><strong>potitus,</strong></span> <span class='ocrx_word' id='word_1_156' title='bbox 1352 2414 1359 2649; x_wconf 68' lang='lat' dir='ltr'><strong>l</strong></span> 
     </span>
    </p>

    <p class='ocr_par' dir='ltr' id='par_1_23' title="bbox 260 2623 1361 3033">
     <span class='ocr_line' id='line_1_23' title="bbox 260 2623 1360 2825; baseline -0.002 -137"><span class='ocrx_word' id='word_1_157' title='bbox 260 2624 345 2689; x_wconf 90' lang='lat' dir='ltr'><strong>unde</strong></span> <span class='ocrx_word' id='word_1_158' title='bbox 368 2624 482 2709; x_wconf 89' lang='lat' dir='ltr'><strong>procul</strong></span> <span class='ocrx_word' id='word_1_159' title='bbox 505 2628 596 2711; x_wconf 89' lang='lat' dir='ltr'><strong>tergo</strong></span> <span class='ocrx_word' id='word_1_160' title='bbox 621 2627 725 2689; x_wconf 86' lang='lat' dir='ltr'><strong>metus</strong></span> <span class='ocrx_word' id='word_1_161' title='bbox 750 2629 783 2688; x_wconf 91' lang='lat' dir='ltr'><strong>et</strong></span> <span class='ocrx_word' id='word_1_162' title='bbox 804 2624 858 2688; x_wconf 82' lang='lat' dir='ltr'><strong>via</strong></span> <span class='ocrx_word' id='word_1_163' title='bbox 880 2645 982 2707; x_wconf 87' lang='lat' dir='ltr'><strong>prona</strong></span> <span class='ocrx_word' id='word_1_164' title='bbox 1004 2623 1152 2708; x_wconf 80' lang='lat' dir='ltr'><strong>nocendi,</strong></span> <span class='ocrx_word' id='word_1_165' title='bbox 1354 2654 1360 2825; x_wconf 66' lang='grc' dir='ltr'>ι</span> 
     </span>
     <span class='ocr_line' id='line_1_24' title="bbox 1182 2855 1361 3051; baseline 0 -18"><span class='ocrx_word' id='word_1_166' title='bbox 1182 2855 1361 3051; x_wconf 82' lang='lat' dir='ltr'><strong>l</strong></span> 
     </span>
    </p>
   </div>
   <div class='ocr_carea' id='block_1_3' title="bbox 258 2905 1360 3192">
    <p class='ocr_par' dir='ltr' id='par_1_24' title="bbox 258 2905 1360 3192">
     <span class='ocr_line' id='line_1_25' title="bbox 331 2905 1290 2976; baseline 0.002 -16"><span class='ocrx_word' id='word_1_167' title='bbox 331 2913 382 2962; x_wconf 70' lang='grc'><strong>666</strong></span> <span class='ocrx_word' id='word_1_168' title='bbox 402 2908 542 2976; x_wconf 84' lang='lat' dir='ltr'><strong>fidemque</strong></span> <span class='ocrx_word' id='word_1_169' title='bbox 561 2925 575 2958; x_wconf 91' lang='lat' dir='ltr'><strong>r</strong></span> <span class='ocrx_word' id='word_1_170' title='bbox 646 2911 698 2959; x_wconf 79' lang='lat'><strong>538</strong></span> <span class='ocrx_word' id='word_1_171' title='bbox 718 2905 852 2960; x_wconf 79' lang='lat' dir='ltr'><strong>Chthonii</strong></span> <span class='ocrx_word' id='word_1_172' title='bbox 871 2906 1027 2961; x_wconf 76' lang='lat' dir='ltr'><strong>Grorrooius</strong></span> <span class='ocrx_word' id='word_1_173' title='bbox 1046 2909 1090 2975; x_wconf 82' lang='lat' dir='ltr'><strong>(cs.</strong></span> <span class='ocrx_word' id='word_1_174' title='bbox 1106 2912 1201 2973; x_wconf 58' lang='grc'>6170</span> <span class='ocrx_word' id='word_1_175' title='bbox 1219 2923 1290 2962; x_wconf 91' lang='lat' dir='ltr'><strong>cro-</strong></span> 
     </span>
     <span class='ocr_line' id='line_1_26' title="bbox 258 2949 1289 3061; baseline 0.001 -28"><span class='ocrx_word' id='word_1_176' title='bbox 258 2979 558 3061; x_wconf 74' lang='lat' dir='ltr'><strong>nium1’2t(h)oniun1</strong></span> <span class='ocrx_word' id='word_1_177' title='bbox 573 2995 613 3044; x_wconf 86' lang='grc' dir='ltr'><strong>ω;</strong></span> <span class='ocrx_word' id='word_1_178' title='bbox 632 2985 658 3043; x_wconf 88' lang='grc'><strong>4,</strong></span> <span class='ocrx_word' id='word_1_179' title='bbox 673 2983 724 3030; x_wconf 76' lang='grc'><strong>697</strong></span> <span class='ocrx_word' id='word_1_180' title='bbox 740 2977 967 3046; x_wconf 77' lang='lat' dir='ltr'><strong>otoniumquel’:</strong></span> <span class='ocrx_word' id='word_1_181' title='bbox 987 2949 1270 3048; x_wconf 84' lang='lat' dir='ltr'><strong>ohthoniuinque)</strong></span> <span class='ocrx_word' id='word_1_182' title='bbox 1225 2997 1289 3036; x_wconf 85' lang='grc' dir='ltr'><strong>ω·</strong></span> 
     </span>
     <span class='ocr_line' id='line_1_27' title="bbox 259 3019 1360 3122; baseline -0.001 -18"><span class='ocrx_word' id='word_1_183' title='bbox 259 3049 582 3105; x_wconf 75' lang='lat' dir='ltr'><strong>chroniiw20hromi1’</strong></span> <span class='ocrx_word' id='word_1_184' title='bbox 637 3019 745 3104; x_wconf 86' lang='lat' dir='ltr'><strong>chronii</strong></span> <span class='ocrx_word' id='word_1_185' title='bbox 763 3050 871 3102; x_wconf 71' lang='lat' dir='ltr'><strong>vastos</strong></span> <span class='ocrx_word' id='word_1_186' title='bbox 941 3054 990 3104; x_wconf 86' lang='grc'><strong>641</strong></span> <span class='ocrx_word' id='word_1_187' title='bbox 1012 3048 1102 3102; x_wconf 81' lang='lat' dir='ltr'><strong>olenei</strong></span> <span class='ocrx_word' id='word_1_188' title='bbox 1116 3054 1145 3102; x_wconf 75' lang='lat'>1</span> <span class='ocrx_word' id='word_1_189' title='bbox 1200 3052 1274 3121; x_wconf 53' lang='lat' dir='ltr'><strong>teg:</strong></span> <span class='ocrx_word' id='word_1_190' title='bbox 1246 3075 1291 3122; x_wconf 71' lang='lat'><strong>3-</strong></span> <span class='ocrx_word' id='word_1_191' title='bbox 1356 3058 1360 3069; x_wconf 89' lang='grc'><strong>“</strong></span> 
     </span>
     <span class='ocr_line' id='line_1_28' title="bbox 258 3109 1292 3192; baseline 0.001 -17"><span class='ocrx_word' id='word_1_192' title='bbox 258 3128 349 3176; x_wconf 72' lang='lat' dir='ltr'><strong>ment</strong></span> <span class='ocrx_word' id='word_1_193' title='bbox 389 3124 584 3189; x_wconf 70' lang='lat' dir='ltr'><strong>atraquel’ca:</strong></span> <span class='ocrx_word' id='word_1_194' title='bbox 603 3119 890 3188; x_wconf 77' lang='lat' dir='ltr'><strong>hirtaqueHeinaiaa.</strong></span> <span class='ocrx_word' id='word_1_195' title='bbox 909 3109 1292 3192; x_wconf 71' lang='lat' dir='ltr'><strong>aspraqneBitechofakyua,</strong></span> 
     </span>
    </p>
   </div>
   <div class='ocr_carea' id='block_1_4' title="bbox 258 3218 1291 3404">
    <p class='ocr_par' dir='ltr' id='par_1_25' title="bbox 258 3218 1291 3404">
     <span class='ocr_line' id='line_1_29' title="bbox 258 3218 1291 3297; baseline 0.004 -15"><span class='ocrx_word' id='word_1_196' title='bbox 258 3229 290 3282; x_wconf 85' lang='lat' dir='ltr'><strong>de</strong></span> <span class='ocrx_word' id='word_1_197' title='bbox 308 3227 483 3297; x_wconf 69' lang='lat' dir='ltr'><strong>Apollinaris</strong></span> <span class='ocrx_word' id='word_1_198' title='bbox 501 3227 618 3282; x_wconf 78' lang='lat' dir='ltr'><strong>Sidonii</strong></span> <span class='ocrx_word' id='word_1_199' title='bbox 629 3227 730 3282; x_wconf 75' lang='lat' dir='ltr'><strong>studiis</strong></span> <span class='ocrx_word' id='word_1_200' title='bbox 750 3227 823 3282; x_wconf 78' lang='lat' dir='ltr'><strong>stat</strong></span> <span class='ocrx_word' id='word_1_201' title='bbox 801 3229 887 3281; x_wconf 72' lang='lat' dir='ltr'><strong>tranis</strong></span> <span class='ocrx_word' id='word_1_202' title='bbox 898 3232 970 3281; x_wconf 84' lang='grc'><em>1881</em></span> <span class='ocrx_word' id='word_1_203' title='bbox 980 3245 1010 3296; x_wconf 81' lang='lat' dir='ltr'><strong>p.</strong></span> <span class='ocrx_word' id='word_1_204' title='bbox 1022 3232 1059 3281; x_wconf 89' lang='grc'><strong>67</strong></span> <span class='ocrx_word' id='word_1_205' title='bbox 1114 3233 1189 3281; x_wconf 79' lang='grc'><strong>642</strong></span> <span class='ocrx_word' id='word_1_206' title='bbox 1186 3218 1291 3286; x_wconf 82' lang='lat' dir='ltr'><strong>vicina</strong></span> 
     </span>
     <span class='ocr_line' id='line_1_30' title="bbox 258 3301 1288 3404; baseline 0.002 -16"><span class='ocrx_word' id='word_1_207' title='bbox 258 3334 349 3388; x_wconf 88' lang='lat' dir='ltr'><strong>cruori</strong></span> <span class='ocrx_word' id='word_1_208' title='bbox 367 3301 530 3387; x_wconf 65' lang='lat' dir='ltr'><strong>dderosh</strong></span> <span class='ocrx_word' id='word_1_209' title='bbox 504 3337 513 3403; x_wconf 94' lang='lat'>(</span> <span class='ocrx_word' id='word_1_210' title='bbox 549 3335 613 3388; x_wconf 83' lang='lat' dir='ltr'><strong>add.</strong></span> <span class='ocrx_word' id='word_1_211' title='bbox 633 3333 728 3403; x_wconf 72' lang='lat'>1’0)1’¹</span> <span class='ocrx_word' id='word_1_212' title='bbox 808 3339 860 3387; x_wconf 88' lang='grc'><strong>644</strong></span> <span class='ocrx_word' id='word_1_213' title='bbox 884 3350 974 3387; x_wconf 89' lang='lat' dir='ltr'><strong>orrere</strong></span> <span class='ocrx_word' id='word_1_214' title='bbox 999 3334 1034 3393; x_wconf 69' lang='lat'><strong>0¹</strong></span> <span class='ocrx_word' id='word_1_215' title='bbox 1097 3352 1165 3404; x_wconf 75' lang='lat' dir='ltr'><strong>que</strong></span> <span class='ocrx_word' id='word_1_216' title='bbox 1184 3353 1236 3390; x_wconf 86' lang='lat' dir='ltr'><strong>om.</strong></span> <span class='ocrx_word' id='word_1_217' title='bbox 1256 3343 1288 3390; x_wconf 72' lang='lat' dir='ltr'><strong>m</strong></span> 
     </span>
    </p>
   </div>
   <div class='ocr_carea' id='block_1_5' title="bbox 258 3405 1364 3566">
    <p class='ocr_par' dir='ltr' id='par_1_26' title="bbox 258 3405 1364 3566">
     <span class='ocr_line' id='line_1_31' title="bbox 312 3405 1288 3476; baseline 0.001 -16"><span class='ocrx_word' id='word_1_218' title='bbox 312 3405 396 3460; x_wconf 87' lang='lat' dir='ltr'><strong>corda</strong></span> <span class='ocrx_word' id='word_1_219' title='bbox 413 3409 528 3466; x_wconf 62' lang='lat' dir='ltr'>PBHG:</span> <span class='ocrx_word' id='word_1_220' title='bbox 547 3405 629 3460; x_wconf 87' lang='lat' dir='ltr'><strong>corde</strong></span> <span class='ocrx_word' id='word_1_221' title='bbox 648 3423 676 3459; x_wconf 87' lang='grc' dir='ltr'>ω</span> <span class='ocrx_word' id='word_1_222' title='bbox 749 3409 801 3457; x_wconf 81' lang='grc'><strong>646</strong></span> <span class='ocrx_word' id='word_1_223' title='bbox 819 3407 924 3473; x_wconf 87' lang='lat' dir='ltr'><strong>putans</strong></span> <span class='ocrx_word' id='word_1_224' title='bbox 944 3407 1106 3476; x_wconf 75' lang='lat' dir='ltr'><strong>Madoipiua</strong></span> <span class='ocrx_word' id='word_1_225' title='bbox 1125 3408 1197 3461; x_wconf 83' lang='lat' dir='ltr'><strong>Ado.</strong></span> <span class='ocrx_word' id='word_1_226' title='bbox 1219 3411 1288 3464; x_wconf 75' lang='lat' dir='ltr'><strong>crit.</strong></span> 
     </span>
     <span class='ocr_line' id='line_1_32' title="bbox 258 3425 1364 3566; baseline 0 -34"><span class='ocrx_word' id='word_1_227' title='bbox 258 3479 296 3532; x_wconf 87' lang='lat' dir='ltr'><strong>II</strong></span> <span class='ocrx_word' id='word_1_228' title='bbox 306 3495 336 3546; x_wconf 81' lang='lat' dir='ltr'><strong>p.</strong></span> <span class='ocrx_word' id='word_1_229' title='bbox 352 3481 404 3532; x_wconf 84' lang='lat'><strong>154</strong></span> <span class='ocrx_word' id='word_1_230' title='bbox 460 3481 511 3530; x_wconf 77' lang='lat'><strong>547</strong></span> <span class='ocrx_word' id='word_1_231' title='bbox 527 3478 624 3531; x_wconf 87' lang='lat' dir='ltr'><strong>contra</strong></span> <span class='ocrx_word' id='word_1_232' title='bbox 638 3481 703 3530; x_wconf 74' lang='lat' dir='ltr'><strong>Pur:</strong></span> <span class='ocrx_word' id='word_1_233' title='bbox 724 3476 797 3529; x_wconf 87' lang='lat' dir='ltr'><strong>dixit</strong></span> <span class='ocrx_word' id='word_1_234' title='bbox 815 3481 844 3530; x_wconf 83' lang='lat'><strong>0:</strong></span> <span class='ocrx_word' id='word_1_235' title='bbox 864 3476 1000 3536; x_wconf 62' lang='lat' dir='ltr'><strong>clamata</strong></span> <span class='ocrx_word' id='word_1_236' title='bbox 1056 3483 1107 3530; x_wconf 86' lang='grc'><strong>649</strong></span> <span class='ocrx_word' id='word_1_237' title='bbox 1126 3495 1196 3533; x_wconf 82' lang='lat' dir='ltr'><strong>voco</strong></span> <span class='ocrx_word' id='word_1_238' title='bbox 1212 3485 1286 3535; x_wconf 83' lang='lat' dir='ltr'><strong>l’co:</strong></span> <span class='ocrx_word' id='word_1_239' title='bbox 1360 3425 1364 3566; x_wconf 69' lang='lat' dir='ltr'><strong>l</strong></span> 
     </span>
    </p>
   </div>
   <div class='ocr_carea' id='block_1_6' title="bbox 256 3561 1288 3943">
    <p class='ocr_par' dir='ltr' id='par_1_27' title="bbox 256 3561 1288 3943">
     <span class='ocr_line' id='line_1_33' title="bbox 256 3561 1287 3695; baseline 0.004 -59"><span class='ocrx_word' id='word_1_240' title='bbox 256 3600 340 3638; x_wconf 85' lang='lat' dir='ltr'><strong>vocor</strong></span> <span class='ocrx_word' id='word_1_241' title='bbox 357 3582 479 3642; x_wconf 54' lang='lat' dir='ltr'><strong>Ilva*</strong></span> <span class='ocrx_word' id='word_1_242' title='bbox 542 3583 572 3636; x_wconf 88' lang='lat' dir='ltr'><strong>in</strong></span> <span class='ocrx_word' id='word_1_243' title='bbox 591 3583 635 3636; x_wconf 87' lang='lat' dir='ltr'><strong>his</strong></span> <span class='ocrx_word' id='word_1_244' title='bbox 654 3588 713 3637; x_wconf 78' lang='lat' dir='ltr'><strong>PD:</strong></span> <span class='ocrx_word' id='word_1_245' title='bbox 741 3582 787 3635; x_wconf 92' lang='lat' dir='ltr'><strong>his</strong></span> <span class='ocrx_word' id='word_1_246' title='bbox 807 3601 834 3637; x_wconf 88' lang='grc' dir='ltr'>ω</span> <span class='ocrx_word' id='word_1_247' title='bbox 916 3561 1124 3695; x_wconf 51' lang='lat' dir='ltr'><strong>domanium</strong></span> <span class='ocrx_word' id='word_1_248' title='bbox 1144 3583 1203 3641; x_wconf 77' lang='lat'><strong>1⁰:</strong></span> <span class='ocrx_word' id='word_1_249' title='bbox 1233 3604 1287 3640; x_wconf 85' lang='lat' dir='ltr'><strong>ex-</strong></span> 
     </span>
     <span class='ocr_line' id='line_1_34' title="bbox 258 3657 1287 3790; baseline 0.004 -28"><span class='ocrx_word' id='word_1_250' title='bbox 258 3715 387 3763; x_wconf 73' lang='lat' dir='ltr'><strong>cusare!</strong></span> <span class='ocrx_word' id='word_1_251' title='bbox 467 3714 517 3762; x_wconf 88' lang='grc'><strong>661</strong></span> <span class='ocrx_word' id='word_1_252' title='bbox 543 3708 618 3761; x_wconf 90' lang='lat' dir='ltr'><strong>deire</strong></span> <span class='ocrx_word' id='word_1_253' title='bbox 641 3711 706 3790; x_wconf 45' lang='grc' dir='ltr'><strong>ΡΣ]</strong></span> <span class='ocrx_word' id='word_1_254' title='bbox 734 3707 847 3776; x_wconf 86' lang='lat' dir='ltr'><strong>prodire</strong></span> <span class='ocrx_word' id='word_1_255' title='bbox 871 3657 1016 3764; x_wconf 46' lang='lat' dir='ltr'><strong>uffheim</strong></span> <span class='ocrx_word' id='word_1_256' title='bbox 1040 3710 1075 3768; x_wconf 66' lang='lat'><strong>01</strong></span> <span class='ocrx_word' id='word_1_257' title='bbox 1129 3712 1166 3781; x_wconf 66' lang='lat' dir='ltr'><strong>a}</strong></span> <span class='ocrx_word' id='word_1_258' title='bbox 1184 3714 1232 3781; x_wconf 92' lang='lat' dir='ltr'><strong>(-t)</strong></span> <span class='ocrx_word' id='word_1_259' title='bbox 1250 3717 1287 3768; x_wconf 81' lang='lat' dir='ltr'><strong>b:</strong></span> 
     </span>
     <span class='ocr_line' id='line_1_35' title="bbox 258 3795 1287 3867; baseline 0.007 -16"><span class='ocrx_word' id='word_1_260' title='bbox 258 3798 333 3857; x_wconf 78' lang='lat' dir='ltr'><strong>deo</strong></span> <span class='ocrx_word' id='word_1_261' title='bbox 373 3861 375 3864; x_wconf 22' lang='lat'>¹</span> <span class='ocrx_word' id='word_1_262' title='bbox 405 3803 456 3851; x_wconf 86' lang='grc'><strong>666</strong></span> <span class='ocrx_word' id='word_1_263' title='bbox 475 3797 597 3867; x_wconf 81' lang='lat' dir='ltr'><strong>Spingos</strong></span> <span class='ocrx_word' id='word_1_264' title='bbox 615 3802 647 3851; x_wconf 74' lang='lat' dir='ltr'><strong>t:</strong></span> <span class='ocrx_word' id='word_1_265' title='bbox 676 3795 796 3865; x_wconf 83' lang='lat' dir='ltr'><strong>Spingos</strong></span> <span class='ocrx_word' id='word_1_266' title='bbox 815 3801 842 3848; x_wconf 72' lang='grc' dir='ltr'>Ι</span> <span class='ocrx_word' id='word_1_267' title='bbox 897 3796 1015 3851; x_wconf 87' lang='lat' dir='ltr'><strong>abscisis</strong></span> <span class='ocrx_word' id='word_1_268' title='bbox 1033 3803 1100 3852; x_wconf 75' lang='lat' dir='ltr'><strong>Pur:</strong></span> <span class='ocrx_word' id='word_1_269' title='bbox 1121 3798 1229 3854; x_wconf 87' lang='lat' dir='ltr'><strong>abcisis</strong></span> <span class='ocrx_word' id='word_1_270' title='bbox 1246 3806 1287 3858; x_wconf 81' lang='lat' dir='ltr'><strong>B:</strong></span> 
     </span>
     <span class='ocr_line' id='line_1_36' title="bbox 258 3868 1288 3943; baseline 0.002 -21"><span class='ocrx_word' id='word_1_271' title='bbox 258 3868 427 3923; x_wconf 75' lang='lat' dir='ltr'><strong>abscissisL</strong></span> <span class='ocrx_word' id='word_1_272' title='bbox 482 3868 601 3936; x_wconf 82' lang='lat' dir='ltr'><strong>infigens</strong></span> <span class='ocrx_word' id='word_1_273' title='bbox 620 3884 637 3926; x_wconf 86' lang='grc' dir='ltr'><strong><em>ς</em></strong></span> <span class='ocrx_word' id='word_1_274' title='bbox 658 3868 814 3922; x_wconf 77' lang='lat' dir='ltr'><strong>Garrodius</strong></span> <span class='ocrx_word' id='word_1_275' title='bbox 869 3871 961 3942; x_wconf 68' lang='lat' dir='ltr'><strong>unca}</strong></span> <span class='ocrx_word' id='word_1_276' title='bbox 978 3874 1002 3922; x_wconf 76' lang='lat' dir='ltr'><strong>lt</strong></span> <span class='ocrx_word' id='word_1_277' title='bbox 1086 3875 1138 3924; x_wconf 79' lang='grc'><strong>667</strong></span> <span class='ocrx_word' id='word_1_278' title='bbox 1159 3871 1243 3943; x_wconf 65' lang='grc' dir='ltr'><strong>ἀίξῃ</strong></span> <span class='ocrx_word' id='word_1_279' title='bbox 1260 3881 1288 3928; x_wconf 84' lang='lat'><strong>1.</strong></span> 
     </span>
    </p>
   </div>
   <div class='ocr_carea' id='block_1_7' title="bbox 256 3952 616 4044">
    <p class='ocr_par' dir='ltr' id='par_1_28' title="bbox 256 3952 616 4044">
     <span class='ocr_line' id='line_1_37' title="bbox 256 3952 616 4044; baseline -0.014 -13"><span class='ocrx_word' id='word_1_280' title='bbox 256 3953 355 4032; x_wconf 73' lang='lat' dir='ltr'><strong>maniis</strong></span> <span class='ocrx_word' id='word_1_281' title='bbox 374 3982 405 4028; x_wconf 74' lang='lat' dir='ltr'><strong>1’e</strong></span> <span class='ocrx_word' id='word_1_282' title='bbox 460 3952 565 4044; x_wconf 70' lang='lat' dir='ltr'><strong>pititus</strong></span> <span class='ocrx_word' id='word_1_283' title='bbox 585 3979 616 4025; x_wconf 65' lang='grc' dir='ltr'><strong>Ρρ</strong></span> 
     </span>
    </p>
   </div>
   <div class='ocr_carea' id='block_1_8' title="bbox 0 0 1484 4659">
    <p class='ocr_par' dir='ltr' id='par_1_29' title="bbox 0 0 1484 4659">
     <span class='ocr_line' id='line_1_38' title="bbox 0 0 1484 4659; baseline 0 1"><span class='ocrx_word' id='word_1_284' title='bbox 0 0 1484 4659; x_wconf 95' lang='lat' dir='ltr'><strong> </strong></span> 
     </span>
    </p>
   </div>
  </div>
 </body>
</html>
