2959 4659
467 534 636 587 sotionis
653 534 861 588 PRAEFATIO
1073 534 1172 591 mv

157 704 1173 781 xauke‚0cmurionsaffimewmaocoen1P.nipinsum

197 793 334 851 ma
361 793 442 852 dim
459 792 662 851 Vmishviae
683 794 779 851 1863.

156 890 274 965 Owen,
290 890 387 949 clm
403 891 478 949 Rev.
498 892 540 948 19
558 884 678 970 (1905)
696 911 726 966 μ
740 884 886 966 linqui

155 989 354 1065 Peyraredi
374 992 562 1047 ooniacum
584 1009 621 1047 ex
642 989 759 1047 schedis
782 988 1024 1048 Berolinensibus
1046 990 1174 1065 protulit

197 1078 317 1137 Miller.

154 1168 381 1227 Phillimorii
396 1168 585 1225 coniecturae
602 1167 684 1241 apud
702 1165 892 1239 Gan-odium,

155 1257 341 1333 Postgatii
357 1256 439 1331 apud
452 1256 648 1315 erkinsinm
665 1258 839 1331 propositae
852 1260 930 1315 sunt
962 1260 1118 1332 praeterea
1137 1257 1169 1315 cf

199 1344 292 1404 clas
310 1346 384 1403 Ber.
405 1346 446 1403 18
465 1338 584 1424 (1904)
603 1365 633 1421 p.
650 1346 724 1403 301.

157 1443 310 1511 Qneckii
327 1444 422 1501 editio
438 1442 479 1500 Π.
515 1442 637 1517 lipsiae
659 1445 754 1500 1854.

157 1540 406 1613 Sandstroem,
422 1540 531 1599 Stadia
548 1543 651 1598 critico
669 1543 701 1598 in
718 1540 880 1614 Pupiniam
898 1541 1033 1599 aarum
1060 1540 1175 1617 Upsala

198 1633 392 1690 universitate
411 1628 552 1688 ambiit
572 1630 667 1688 1878.

158 1719 354 1779 Schraderi
370 1721 557 1778 coniecturas
581 1718 676 1776 edidit
693 1718 845 1794 Hauptius
865 1716 972 1795 opusc.
991 1719 1038 1777 111
1057 1712 1174 1799 (1816)

221 1810 431 1867 ,126-136.

157 1830 363 1957 Seliiverius
381 1918 417 1955 ex
430 1898 546 1955 Menkii
563 1897 680 1955 schedis
694 1896 1006 1973 apudKohlmanniim
1025 1896 1174 1956 laudatur.

158 1987 296 2046 Slateri
313 1990 503 2047 coniecturae
521 1987 602 2061 apud
619 1986 815 2044 Wilkinsium
834 1988 1035 2062 proferuntur.

157 2085 393 2162 Tiliobrogae
412 2076 656 2166 (Lindenbrogii)
675 2084 768 2143 editio
787 2084 913 2143 Parisiis
933 2086 1029 2145 1600.

156 2182 291 2260 Unger,
309 2183 343 2242 P.
362 2184 485 2257 Papinii·
501 2182 590 2241 sotii
604 2183 716 2255 Ecloyo
736 2184 847 2240 ultima.
880 2182 1020 2242 accerime
1037 2183 1072 2241 de
1090 2182 1176 2241 Statii

199 2271 270 2331 locis
288 2274 480 2331 controversis
497 2275 687 2330 coniectorem.
725 2271 830 2331 Novae
849 2270 1002 2331 Strelitiao
1022 2272 1117 2331 1868.

156 2370 325 2445 Vollmer,
345 2370 451 2429 Rhein.
469 2370 546 2430 Mus.
566 2372 606 2427 51
628 2362 746 2449 (1896)
766 2390 794 2446 p.
811 2372 953 2429 27-34.

155 2467 380 2526 Wakefieldi
398 2471 584 2527 coniecturae
603 2468 684 2544 apud
701 2467 863 2525 Millerum
881 2468 1052 2527 laudantur.

155 2556 296 2630 Weber,
310 2560 510 2616 commentatio
524 2559 560 2615 de
572 2556 651 2616 Sint-i
665 2556 761 2615 codice
777 2557 954 2616 Cosseiinno
982 2576 1081 2634 progr.
1096 2558 1175 2615 Mar-

157 2646 467 2794 Wffiigssslffiffio
490 2735 620 2794 Londini
647 2736 733 2793 1904
757 2728 888 2815 (Corpus
911 2736 1067 2793 Poetarum
1091 2735 1176 2793 Loti-

197 2843 306 2883 normn
325 2825 367 2883 ed.
382 2826 517 2898 Postque
529 2818 605 2903 IV).

221 2936 405 3008 apparatum
423 2933 562 2990 criticum
575 2932 617 2991 sic
631 2932 761 3006 institui,
780 2934 816 2989 ut
833 2930 1011 3007 ubicumque
1031 2950 1049 2989 a
1068 2930 1177 2990 codicis

157 3020 301 3079 Puteanei
323 3022 436 3079 litteris
460 3021 660 3094 recessissem,
684 3023 905 3079 accuratissime
930 3020 1118 3093 adnotarem,
1142 3040 1177 3078 er

157 3110 281 3184 reliquis
300 3114 403 3169 autem
420 3109 506 3169 libris
528 3129 579 3168 eas
601 3111 791 3185 potissimum
809 3110 952 3168 lectiones
971 3109 1177 3182 adscriberem,

158 3197 265 3273 quibus
285 3203 340 3257 ant
358 3199 394 3257 de
414 3200 528 3277 origine
547 3199 736 3277 singulorum
755 3199 870 3275 aliquid
888 3198 1018 3257 efficitur
1037 3202 1091 3257 aut
1109 3217 1177 3277 cog-

156 3289 240 3346 natio
259 3288 396 3347 codicum
418 3289 597 3346 illustratur.
639 3307 700 3363 qua
716 3289 800 3346 inre
819 3288 857 3346 ad
875 3290 942 3363 ipsa
961 3291 1067 3363 poetae
1086 3288 1177 3347 verba

159 3378 368 3435 const-ituenda
395 3376 540 3435 nonnulla
563 3377 664 3435 omitti
685 3378 819 3453 potuisse
843 3380 933 3452 atque
956 3397 1019 3437 esse
1042 3378 1177 3436 hominos

161 3465 267 3538 quibus
286 3467 408 3525 inutiles
427 3486 480 3525 cae
498 3466 640 3543 ambages
655 3466 821 3540 rideantur,
841 3486 878 3524 ne
898 3486 953 3544 ego
972 3466 1093 3542 quidem
1112 3486 1177 3525 sum

161 3555 282 3615 nescius.
324 3556 376 3614 sed
395 3560 426 3615 ot
446 3558 480 3613 in
498 3556 624 3631 singidis
643 3554 728 3616 libris
744 3555 957 3614 vetustioribus
976 3575 1047 3615 vera
1064 3556 1178 3615 tradita

163 3659 221 3701 esse
243 3663 331 3719 posse
353 3646 471 3703 ostendi
493 3647 524 3703 et
546 3645 702 3704 historiam
726 3648 828 3704 textus
847 3646 978 3704 Statiani
996 3645 1127 3704 indicare
1146 3646 1178 3703 in

165 3732 259 3792 animo
282 3734 383 3792 hebui.
421 3735 469 3792 cui
491 3735 537 3793 rei
559 3734 639 3792 male
662 3735 798 3809 profecto
820 3734 1042 3807 consuluissem,
1061 3736 1088 3794 si
1106 3735 1177 3793 duo·

232 3934 258 3997 1)
275 3931 307 3984 in
323 3934 393 3984 noto
411 3930 449 3984 ad
468 3935 510 3996 10,
524 3935 576 3983 527
596 3930 717 4000 corrige:
736 3932 778 3985 ool
796 3948 885 3985 ocem
903 3931 981 3985 duro.
