2959 4659
306 573 372 640 XVI
615 572 785 629 EDITORIS
804 573 1010 631 PRAEFATIO

369 743 420 803 vbis
439 745 600 819 ampliores
617 747 650 803 iu
669 744 806 805 codiceb
826 748 928 805 extant
945 746 1071 805 lacunae
1090 766 1145 805 nec
1165 766 1183 806 a
1201 748 1309 806 librari

307 833 492 911 significatae
505 852 560 893 nec
573 853 592 891 a
606 837 779 903 correctore,
798 835 876 893 unde
895 854 945 895 eas
963 838 994 893 in
1009 836 1172 912 exemplari
1191 839 1298 897 extitis

307 924 499 984 manifestum
523 926 577 983 est.
614 923 821 983 desiderantur
844 927 923 983 enim
946 925 1037 984 Theb.
1054 927 1083 1001 8,
1099 926 1280 985 ose-687
1301 947 1312 985 e

309 1014 338 1087 9,
353 1014 539 1072 464-559.
567 1016 658 1089 atque
676 1015 732 1074 hoc
750 1014 816 1074 loeo
836 1032 903 1073 cum
924 1016 963 1073 96
984 1033 1086 1075 versus
1105 1014 1261 1090 deficiant,
1281 1036 1322 1090 ap·

307 1104 394 1177 paret
413 1106 465 1161 aut
484 1102 542 1161 duo
560 1102 635 1162 folia
649 1122 787 1183 versuum
802 1105 844 1161 24
864 1106 1029 1162 autunum
1043 1122 1183 1163 versuum
1198 1105 1243 1163 48
1265 1125 1322 1180 per·

306 1192 385 1251 iisse.
422 1185 474 1250 sed
496 1192 573 1250 altor
595 1191 687 1267 loeus,
709 1192 761 1251 ubi
787 1194 850 1251 132
873 1210 976 1253 versus
999 1193 1115 1268 desunt,
1140 1193 1178 1251 ad
1202 1194 1300 1253 sande

306 1281 454 1340 rationem
473 1282 570 1359 redigi
588 1300 647 1340 non
665 1284 773 1357 potest.
800 1301 871 1340 nam
891 1281 949 1340 duo
967 1282 1042 1341 folia
1061 1301 1201 1343 versuum
1217 1284 1262 1343 33
1284 1302 1313 1341 er

307 1369 450 1429 cidenmt.
474 1369 575 1446 itaque
590 1372 716 1430 altorem
729 1372 869 1441 lacunam
884 1373 975 1431 altius
990 1371 1145 1431 ascendere
1160 1374 1322 1431 necessario

307 1461 476 1519 statuimus.
518 1460 570 1519 sed
595 1460 732 1535 quamvis
756 1461 817 1519 alio
842 1461 907 1520 loco
930 1462 1071 1520 lacunam
1096 1462 1159 1519 132
1185 1480 1321 1521 versuum

308 1550 399 1608 etiam
413 1550 444 1606 in
459 1548 609 1608 codicibus
624 1555 691 1618 QK
704 1550 913 1624 invenerimus,
927 1552 1029 1609 tamen
1044 1550 1162 1609 cautius
1178 1554 1240 1609 erit
1255 1553 1284 1609 n'
1308 1552 1312 1562 '

306 1658 362 1713 pro
381 1641 460 1697 certo
480 1638 646 1714 adfirmare,
663 1642 840 1715 praesertim
855 1644 958 1712 cumb
978 1641 1072 1699 artius
1092 1659 1183 1715 quam
1202 1641 1243 1699 ad
1265 1645 1295 1705 Q

307 1746 339 1786 se
357 1727 396 1786 ad
410 1726 526 1788 codices
539 1734 566 1788 B
581 1731 611 1787 et
625 1748 643 1787 r
657 1730 799 1806 applicet,
812 1729 844 1787 id
859 1729 938 1805 quod
952 1730 1032 1787 infra
1046 1729 1321 1789 demonstrabimus.

308 1835 342 1875 sc
361 1836 397 1875 ne
415 1816 471 1877 hoc
490 1818 611 1892 quidem
635 1817 714 1893 quod
732 1820 765 1877 in
783 1822 806 1877 b
825 1820 903 1877 sicut
925 1820 957 1877 iu
976 1823 1075 1885 PQK
1094 1817 1241 1879 Achilleis
1261 1818 1322 1894 post

308 1905 489 1964 Thebaidem
512 1907 665 1967 iuvenitur
682 1940 727 1948 —
744 1927 815 1966 nam
838 1908 1013 1984 plerumque
1033 1908 1160 1967 Thebais
1181 1908 1249 1967 sola
1269 1910 1320 1964 tra·

307 1994 391 2053 ditur
408 1996 629 2073 -quiequam
654 1996 740 2056 nobis
763 1997 907 2056 utilitatis
931 1996 1036 2056 adfert.
1078 2015 1147 2055 uam
1167 2016 1238 2056 cum
1256 1998 1321 2055 inb

307 2085 416 2144 lacuna
434 2085 488 2144 ille
502 2088 665 2145 communis
679 2086 816 2146 codicum
830 2079 960 2167 QK01)
975 2105 1035 2144 non
1054 2088 1150 2145 exstet
1169 2090 1242 2162 post
1256 2085 1320 2143 Ach.

310 2178 337 2250 1,
349 2175 423 2248 528,
442 2174 480 2233 ab
493 2176 541 2234 his
560 2175 710 2236 codicibus
728 2181 752 2234 b
771 2178 935 2251 separatur.
965 2175 1080 2234 accedit
1099 2175 1180 2251 quod
1200 2176 1281 2235 sicut
1297 2174 1321 2229 in

293 2270 347 2338 Q,
365 2262 410 2322 ita
428 2263 496 2324 iub
514 2263 714 2324 Achilleidem
732 2284 792 2323 non
811 2285 846 2324 ex
860 2265 963 2324 eodem
982 2264 1145 2340 exemplari
1162 2265 1319 2337 transcrip-

307 2356 371 2412 tam
390 2372 453 2413 esse
472 2356 599 2430 conicio,
621 2354 700 2413 unde
719 2354 848 2413 Thebais
868 2358 986 2430 sumpte
1006 2357 1059 2413 est.
1095 2353 1140 2411 nil
1159 2353 1228 2413 dico
1249 2350 1321 2429 quod

307 2444 339 2500 in
358 2442 509 2503 codicibus
531 2446 659 2503 maxime
683 2449 792 2504 cumb
815 2445 950 2521 cognatis
968 2448 996 2502 B
1015 2446 1046 2501 et
1063 2462 1081 2501 r
1103 2442 1252 2503 Achilleis
1271 2460 1321 2501 non

307 2532 432 2609 legitur:
450 2552 486 2591 ex
504 2532 570 2609 ipsa
584 2532 744 2593 Thebaidis
759 2532 976 2609 subscriptione
992 2524 1056 2613 (fol.
1073 2524 1140 2612 88²)
1160 2536 1243 2591 reete
1263 2550 1313 2591 con

307 2620 425 2681 cludere
447 2621 523 2681 mihi
544 2622 656 2697 videor,
680 2623 772 2681 aliam
796 2641 859 2682 esse
878 2621 1023 2699 originem
1047 2621 1218 2696 Thebaidis,
1239 2622 1298 2682 alia

307 2709 492 2771 Achilleidis.
525 2732 578 2771 nec
597 2712 676 2771 enim
695 2712 784 2771 aliter
803 2711 934 2789 expedio,
953 2712 1033 2787 quod
1051 2711 1152 2769 ultimi
1166 2708 1322 2770 Thebaidis

306 2799 378 2858 libri
395 2800 573 2877 subscriptio
591 2800 761 2860 PAPINH·
773 2798 1220 2860 sVRSVL1·TH1sBA1])OS·
1232 2794 1322 2858 DVO-

308 2880 500 2972 Daunias)
511 2882 514 2972 l
526 2889 740 2950 FELICITER
751 2920 756 2933 ·
768 2888 953 2949 EXPLICIT
965 2921 971 2932 ·
981 2888 1100 2947 AMHN
1114 2888 1207 2948 variis
1223 2886 1312 2949 colori

307 2979 363 3037 bus
382 2978 480 3039 deleta
499 2983 552 3052 est,
571 2980 616 3039 ita
634 2980 669 3038 ut
686 2980 778 3039 rubro
798 2980 895 3039 colore
915 2978 1073 3037 adderetur
1091 2976 1272 3037 Achilleidis
1289 2975 1320 3033 ti·

308 3069 403 3128 tulnsz
416 3067 567 3129 INCIPIT
578 3100 584 3112 ·
594 3061 724 3150 LIB(er)
732 3099 739 3112 ·
748 3067 894 3128 STAGH·
904 3065 1183 3127 AOHILIAEIDOS.
1196 3071 1275 3128 nota
1287 3066 1311 3124 et

307 3158 369 3217 iam
396 3158 434 3216 in«
455 3157 621 3218 Achilleide
654 3177 763 3218 nomen
786 3158 988 3217 adultaratum
1011 3176 1071 3216 uon
1093 3156 1154 3234 legi
1176 3154 1322 3232 nequein

308 3248 410 3322 titulo,
424 3267 513 3324 quem
528 3250 671 3323 exscripsi
683 3266 780 3324 neque
793 3250 826 3305 in
840 3246 1065 3323 subscriptione,
1078 3245 1131 3304 ubi
1139 3240 1320 3305 EXPLICIT

308 3328 346 3396 bl
368 3338 500 3413 scripsit,
518 3337 635 3397 &ocius
653 3335 830 3397 Achilleidos
854 3336 971 3395 addidit
992 3326 1038 3396 ὀἵ
1076 3337 1180 3394 contra
1200 3338 1234 3394 in
1254 3334 1321 3395 The

307 3425 395 3485 baide
413 3426 499 3487 libris
520 3430 548 3486 1.
564 3429 592 3487 2.
609 3428 636 3487 3.
654 3428 682 3485 5.
699 3429 726 3485 7.
744 3429 784 3485 12
809 3445 916 3485 nornen
939 3425 1137 3485 subscribitur
1154 3421 1319 3484 PAPINH·

309 3514 648 3592 STATH·SURSULI,
666 3518 735 3591 post
750 3515 842 3575 libros
862 3518 891 3574 4.
908 3516 936 3574 6.
953 3518 981 3575 9.
998 3518 1048 3575 10.
1066 3517 1104 3573 11
1125 3514 1203 3573 nude
1217 3514 1321 3593 legitur

309 3603 735 3669 EXPLICIT-LIBER·IH·
756 3596 801 3686 (et
815 3597 904 3685 sim),
922 3604 954 3662 in
973 3624 1034 3662 una
1053 3603 1152 3663 octavi
1170 3602 1243 3662 libri
1261 3601 1319 3663 sub·

309 3696 469 3771 scriptione
488 3714 596 3754 nomen
611 3694 744 3754 STATII
762 3694 858 3776 solum
872 3697 1006 3770 apparet.

377 3784 504 3861 denique
528 3785 681 3844 occasione
703 3782 807 3843 oblata
829 3786 908 3873 utor,
931 3785 966 3841 ut
984 3800 1113 3841 errorem
1132 3799 1150 3839 a
1168 3801 1215 3840 me
1235 3784 1318 3858 quon·

382 3975 409 4043 1)
428 3972 463 4027 cf.
482 3971 618 4027 Achilleis
636 3989 663 4041 p.
678 3970 757 4025 XXX
769 3987 809 4038 sq.
