2959 4659
504 579 709 634 THEBAIDOS
728 580 795 634 LIB.
810 578 856 632 Vl.

166 745 307 808 callidus
332 748 364 808 et
388 744 508 808 celsum
512 747 704 895 tprocurvat
728 743 867 843 Agyllea
890 742 1028 825 Tydeus,

168 834 353 898 submissus
377 837 526 918 tergoet
493 831 684 918 egenibus
708 831 833 895 vicinus
856 832 1002 894 harenae.

167 923 226 986 ille
251 926 369 1005 autem,
375 920 505 1011 Alpini
528 919 628 985 veluti
651 920 763 1006 regina
787 941 957 1021 cupressus

169 1013 302 1076 verticis
325 1011 477 1096 urguenti
501 1011 655 1074 cervicem
679 1009 845 1073 inclinat'
800 1014 872 1072 tin
895 1013 1004 1072 austro
1140 1023 1192 1072 865

168 1103 226 1164 vix
250 1123 318 1164 sese
340 1101 448 1165 radice
471 1104 593 1182 tenens,
615 1103 786 1180 terraeque
808 1099 1013 1182 propinquat,

169 1189 360 1254 iamdudum
384 1188 542 1252 aetherias
566 1188 676 1251 eadem
700 1188 783 1251 redit
769 1191 843 1250 tura
865 1187 924 1250 sub
948 1208 1055 1250 auras:

167 1301 237 1344 non
262 1299 353 1343 secus
377 1279 524 1362 ingentes
548 1281 637 1341 artus
660 1277 843 1359 praecelsus
867 1275 1025 1362 Agylleus

170 1372 289 1452 sponte
308 1368 427 1450 premit
445 1388 645 1450 parvumque
665 1386 796 1450 gemens
811 1365 995 1449 duplicatur
1008 1366 1043 1429 in
1057 1366 1194 1447 hostem,

169 1466 204 1521 et
214 1459 279 1520 iarn
290 1458 414 1521 alterna
424 1477 538 1520 manus
549 1456 755 1538 frontemque
765 1476 957 1537 umerosque
967 1456 1114 1538 latusque
1140 1470 1193 1518 888

167 1549 322 1629 collaque
344 1550 540 1628 pectoraque
563 1548 595 1608 et
618 1543 754 1608 vitantia
778 1565 870 1608 crura
892 1543 1030 1608 lacessit.

169 1635 399 1718 interdumque
422 1635 477 1698 diu
500 1633 640 1717 pendent
663 1655 720 1716 per
743 1636 856 1695 mutua
879 1633 956 1697 fulti

169 1723 332 1806 bracchia,
355 1745 441 1787 nunc
464 1722 549 1786 saevi
574 1723 749 1806 digitorum
773 1722 902 1786 vincula
925 1721 1090 1807 frangunt.

167 1836 237 1878 non
261 1813 308 1877 sic
331 1813 480 1876 ductores
504 1812 624 1896 gemini
647 1812 755 1896 gregis
778 1811 909 1875 horrida
933 1811 1019 1874 tauri

168 1904 258 1967 bella
281 1905 424 1986 movent3
447 1901 553 1964 medio
578 1901 716 1964 coniunx
741 1904 806 1964 stat
830 1900 964 1964 candida
987 1902 1081 1984 prato
1140 1915 1192 1963 866

167 1991 328 2056 victorem
352 1995 532 2074 expectans,
554 1993 709 2073 rumpunt
733 1987 853 2053 obnixa
876 1990 1019 2052 furentes

167 2085 312 2164 pectora,
336 2079 446 2144 subdit
468 2101 559 2142 amor
582 2078 731 2142 stimulos
756 2082 788 2141 et
810 2077 942 2142 volnera
965 2082 1071 2142 sanat:

169 2170 328 2234 fulmineo
353 2169 400 2233 sic
423 2167 517 2232 dente
542 2189 623 2250 sues,
646 2166 693 2232 sic
715 2167 843 2250 hispida
866 2171 976 2250 turpes

170 2259 296 2343 proelia
318 2256 443 2322 villosis
466 2257 580 2321 ineunt
603 2255 823 2339 complexibus
848 2257 922 2320 ursi.

170 2349 221 2413 vis
246 2347 356 2412 eadem
381 2343 534 2431 Oenidae3
556 2367 615 2409 nec
638 2347 704 2410 sole
728 2348 784 2407 aut
807 2346 937 2428 pulvere
959 2346 1038 2408 fessi
1138 2361 1191 2409 878

170 2437 317 2501 membra
339 2435 460 2518 labant,
482 2435 567 2520 riget
591 2438 660 2504 arta
683 2436 766 2497 cutis
790 2435 943 2517 durisque
965 2435 1113 2498 laborum

171 2527 331 2612 castigata
353 2524 441 2589 toris.
488 2526 600 2589 contra
623 2545 690 2588 non
712 2524 838 2608 integer
861 2525 916 2588 ille

173 2704 390 2712 μ

244 2830 296 2878 ssa
316 2823 458 2894 agylear
539 2827 590 2876 ssa
611 2822 780 2876 Summissus
800 2829 832 2876 r:
861 2802 921 2888 -ud
941 2823 975 2881 α’
1052 2827 1104 2875 ssa
1124 2821 1193 2875 Ver-

170 2897 243 2951 tices
262 2902 283 2948 1³
337 2894 470 2964 urguenti
488 2899 520 2946 1²:
541 2897 595 2947 ·tes
615 2912 655 2948 ωε
676 2894 805 2965 ingentes
824 2899 848 2946 17
902 2893 931 2945 in
950 2899 1016 2947 Por:
1041 2894 1078 2946 ad
1097 2899 1140 2944 178

171 2970 201 3022 in
221 2969 318 3020 austro
338 2967 385 3036 (ab
404 2984 428 3019 a.
448 2967 589 3038 lampas)
605 2967 759 3020 Budaeus:
778 2966 809 3018 in
828 2967 937 3018 austros
952 2971 1014 3031 Ρω,
1033 2965 1080 3019 sed
1098 2972 1193 3019 austro

170 3095 256 3161 flante
267 3093 523 3161 aquilonariarum
536 3092 645 3145 arbores
658 3092 797 3144 tertiaeet
810 3092 922 3144 cervices
976 3094 1027 3142 866
1047 3049 1145 3154 tenent
1160 3089 1194 3148 0¹

227 3168 278 3217 867
307 3161 475 3215 Iamdudum
497 3167 563 3214 Pro:
593 3163 721 3215 actutum
750 3162 941 3216 Phillimorius
967 3161 1044 3214 haud
1071 3161 1141 3215 male

172 3235 320 3288 umbroso
392 3238 444 3287 858
463 3231 613 3302 agyleusl’
686 3237 737 3286 869
757 3233 867 3344 heptem
881 3250 921 3286 ω.
942 3235 1018 3285 -68Ρ
1091 3237 1143 3285 860
1158 3231 1195 3284 Et

171 3359 230 3412 iam
250 3376 291 3412 ωε
320 3357 431 3411 laml’:
459 3356 607 3424 Iamquet
695 3362 746 3440 861
766 3357 888 3411 vitantia
907 3356 952 3410 b¹.
981 3357 1143 3409 aasentias

172 3471 225 3520 864
254 3441 417 3532 seductores
446 3461 481 3522 Q*
562 3467 613 3516 866
638 3430 759 3516 obndxia
783 3463 816 3522 0¹
880 3462 1005 3516 furentes
1029 3481 1063 3517 ea
1086 3463 1193 3516 -tisB

172 3573 258 3626 -tisb
333 3575 384 3623 867
405 3547 519 3624 vdlnera
538 3569 584 3622 1³¹:
605 3568 759 3622 vulnera?
814 3573 896 3623 sanat
914 3576 968 3624 Pro
988 3572 1016 3639 (i.
1032 3587 1052 3624 e.
1073 3571 1194 3624 consola-

173 3652 230 3711 twr,
255 3642 448 3710 commendat:
479 3640 556 3694 lavat
574 3659 612 3707 με
642 3640 744 3694 suadet
762 3641 832 3707 Leo,
851 3641 912 3695 Sea.
928 3647 997 3711 trop.
1014 3643 1035 3696 Ι
1040 3658 1070 3709 p.
1087 3645 1141 3695 107

172 3721 224 3769 868
248 3713 397 3768 Fulmineo
421 3717 474 3765 Pb:
505 3712 562 3764 -nei
581 3730 618 3779 ω,
643 3713 677 3778 cf.
695 3715 750 3765 750
815 3729 877 3765 sues
899 3730 933 3766 ca
950 3713 1046 3766 -88171
1081 3712 1195 3822 lhispi}

172 3841 258 3894 datur
284 3854 335 3908 pes
359 3837 447 3908 (a)B
520 3833 614 3904 hispia
638 3835 674 3888 da
698 3840 730 3894 Q:
760 3836 896 3905 ispidal.
970 3841 1021 3889 869
1044 3835 1196 3890 vilosisL⁰

226 3961 419 4020 870fessi1²=
446 3960 568 4014 fessam
650 3963 700 4012 871
721 3959 795 4028 riget
819 3979 852 4016 ex
874 3964 955 4029 reget
973 3960 1015 4012 1¹
1071 3911 1177 4014 iiiia
