2959 4659
292 539 339 593 XL
599 538 768 595 EDITORIS
787 539 992 595 PRAEFATIO

291 709 364 767 tulit
381 708 528 767 librorum
550 710 821 784 manuscriptorum
843 711 981 769 notitiam
1006 710 1114 770 habere
1135 713 1202 789 ipse
1223 734 1308 791 quam

291 800 418 857 maxime
437 798 559 855 moleste
578 798 649 856 fero.
686 798 737 857 sed
756 800 787 856 in
806 801 892 857 tanto
911 819 1034 859 numero
1053 802 1192 860 codicum
1213 822 1307 880 super·

291 888 396 947 stitum
415 906 475 945 non
489 887 576 945 unius
592 890 637 946 est
650 888 779 947 hominis
794 889 969 963 praesertim
984 891 1128 967 occupati,
1149 911 1184 949 ex
1206 892 1308 952 biblio·

291 976 384 1035 thecis
407 976 580 1053 longinquis
604 976 720 1037 abditos
739 996 841 1035 eruere
859 978 1023 1037 thesauros.
1060 982 1162 1039 tamen
1181 985 1213 1040 et
1233 984 1309 1057 quod

291 1068 386 1139 potui,
404 1066 462 1124 feci
485 1084 540 1124 nec
559 1086 605 1123 me
625 1067 803 1126 destitimum
827 1068 966 1142 spondeo,
986 1070 1013 1127 si
1038 1070 1109 1144 quid
1128 1070 1208 1129 forte
1227 1073 1309 1131 inda·

291 1174 362 1232 gare
376 1155 474 1228 liceat,
489 1154 566 1213 unde
581 1158 635 1214 aut
649 1155 687 1213 ad
697 1154 778 1214 Stati
787 1156 879 1215 verba
892 1158 1076 1217 restituenda
1090 1161 1144 1218 aut
1158 1160 1198 1217 ad
1212 1163 1308 1221 textus

277 1244 448 1303 *historiam
468 1244 706 1303 constituendam
725 1245 843 1304 utilitas
861 1245 1014 1305 redundet.
1052 1266 1121 1306 nam
1141 1250 1221 1308 sicut
1235 1250 1308 1309 illud

290 1353 399 1392 munus
418 1335 460 1393 eis
480 1352 554 1409 quos
572 1336 709 1393 novimus
723 1334 809 1394 libris
823 1334 926 1410 perfici
938 1354 1025 1411 posse
1042 1338 1117 1396 mihi
1135 1358 1191 1413 pro
1211 1341 1308 1417 exple

290 1425 358 1481 rato
374 1426 427 1496 est,
446 1424 491 1481 ita
506 1422 543 1482 ad
558 1424 684 1482 alteram
697 1426 815 1499 partem
830 1424 921 1483 officii
935 1443 1021 1501 spero
1035 1426 1115 1485 haud
1133 1447 1233 1503 pauca
1250 1449 1308 1489 esse

291 1530 455 1586 accessura,
478 1512 587 1587 quibus
611 1532 686 1587 quae
705 1516 892 1573 coniecturae
915 1515 980 1574 loco
1004 1534 1113 1591 ponere
1132 1536 1213 1577 nuno
1232 1520 1307 1597 cogi-

291 1621 367 1676 mur,
385 1603 439 1659 aut
457 1600 658 1662 demonstrare
678 1604 732 1661 aut
751 1604 888 1679 supplere
906 1604 1004 1663 liceat.

589 1790 750 1857 OAPVT
774 1791 1009 1859 ALTERVM

704 1898 739 1951 oe
759 1898 846 1967 stupe
865 1917 892 1952 ω

357 2030 459 2071 eorum
473 2013 608 2071 codicum
622 2032 696 2089 quos
711 2014 928 2088 descripsimus,
947 2015 1065 2073 nullum
1085 2035 1119 2075 ex
1134 2018 1233 2079 altero
1249 2038 1305 2079 esse

289 2104 503 2177 transcriptum
522 2105 637 2161 certum
661 2103 713 2161 est.
751 2122 805 2161 nec
828 2105 925 2163 minus
946 2122 1047 2163 omnes
1068 2124 1118 2164 eos
1137 2107 1258 2168 codices
1277 2128 1304 2168 ex

289 2210 349 2249 una
363 2193 455 2267 stirpe
471 2211 533 2251 esse
548 2195 718 2268 procreatos
732 2194 763 2250 in
778 2194 937 2269 propatulo
952 2195 1004 2252 est.
1024 2197 1216 2256 consentiunt
1231 2202 1304 2257 enim

289 2299 349 2338 non
368 2281 466 2339 solum
483 2283 516 2338 in
534 2282 648 2340 mendis
667 2283 770 2358 paucis
790 2282 917 2357 quidem,
937 2284 963 2342 si
981 2283 1078 2359 operis
1098 2285 1248 2345 ambitum
1266 2308 1304 2347 re

290 2370 429 2444 spexeris
449 2370 499 2429 sed
518 2371 630 2431 talibus
645 2372 748 2446 quales
767 2391 827 2430 non
842 2391 876 2429 ex
895 2391 955 2430 una
970 2372 1109 2447 editione,
1128 2374 1180 2433 sed
1201 2396 1236 2435 ex
1252 2397 1304 2436 uno

288 2459 366 2519 libro
379 2459 508 2535 pendere
521 2462 713 2519 manifestum
733 2463 781 2520 sit.
809 2481 879 2520 nam
898 2462 1100 2537 compluribus
1118 2464 1203 2541 locis,
1224 2470 1261 2525 ut
1273 2466 1303 2524 de

290 2548 357 2608 aliis
382 2550 557 2625 corruptelis
580 2569 639 2608 non
658 2550 764 2623 dicam,
785 2550 909 2609 lacunae
929 2553 1032 2609 extant
1050 2551 1159 2612 damno
1179 2558 1303 2615 exterius

289 2638 382 2697 allato
402 2638 522 2697 effectae
541 2659 595 2698 nec
613 2642 716 2698 tamen
732 2641 892 2715 quicquam
907 2640 1074 2716 antiquitus
1093 2642 1243 2703 traditum
1256 2646 1303 2704 ha-

289 2727 399 2802 bemus,
422 2726 481 2787 nisi
505 2748 570 2787 eam
593 2730 753 2788 lectionem
771 2748 861 2805 quam
885 2748 939 2789 nos
958 2731 990 2787 in
1010 2731 1159 2791 codicibus
1179 2734 1301 2813 legimus

289 2821 342 2875 aut
359 2817 456 2892 ipsam
475 2820 528 2875 aut
546 2818 755 2877 adulteratam.

355 2925 458 2965 versus
477 2909 555 2967 certe
568 2910 684 2985 integer
697 2908 788 2982 periit
801 2910 871 2984 post
885 2908 975 2967 Theb.
993 2912 1020 2982 9,
1038 2911 1099 2969 759
1116 2929 1175 2985 quo
1191 2912 1301 2973 deloco

288 2998 368 3054 recte
387 2995 534 3055 iudicavit
552 2989 698 3078 Weberff)
735 3016 806 3055 nam
829 3016 917 3072 quem
935 3016 1055 3058 vorsum
1073 3000 1253 3061 recentiores
1272 3002 1301 3061 li·

288 3085 381 3143 brarii
394 3087 648 3161 interposuerimt,
660 3107 726 3146 eum
739 3087 846 3145 merito
859 3091 1064 3163 expunxerunt
1073 3088 1211 3149 editores
1226 3091 1302 3168 quod

289 3193 359 3233 vero
375 3173 537 3233 Garrodius
556 3176 639 3235 hiare
659 3178 822 3236 orationem
842 3194 901 3235 non
916 3177 1060 3255 agnoscit,
1079 3178 1168 3254 plane
1187 3199 1248 3240 non
1262 3184 1301 3240 in·

288 3264 407 3341 tellego.
436 3263 593 3323 dicendum
612 3268 658 3325 est
671 3267 750 3323 enim
766 3265 844 3340 quod
858 3266 966 3325 vulnus
981 3268 1058 3325 altar
1076 3287 1112 3327 ex
1125 3267 1301 3329 Abantiadis

288 3354 445 3430 acceperit,
463 3353 493 3410 id
514 3353 594 3428 quod
612 3373 629 3421 ς
648 3357 727 3413 recte
742 3358 903 3414 senserunt.
928 3355 963 3413 de
982 3356 1106 3432 reliquis
1125 3361 1227 3418 autem
1241 3380 1300 3420 ver-

289 3460 374 3501 suum
392 3444 526 3501 totorum
544 3444 658 3503 lacunis
677 3438 813 3502 dubitari
830 3462 917 3519 posse
936 3446 1071 3505 concedo.

354 3532 452 3591 medio
470 3552 540 3591 vero
558 3532 590 3590 in
609 3552 696 3591 versu
714 3534 781 3609 plus
801 3535 889 3592 semel
908 3536 1015 3594 lacuna
1035 3540 1143 3595 exstat:

380 3623 408 3694 1,
424 3622 485 3679 291
509 3621 637 3680 Oblostor
654 3640 830 3681 marorum
853 3628 879 3681 et
896 3624 1087 3684 inrevocabile
1104 3644 1208 3685 oerum
1227 3629 1300 3689 codi-

288 3729 335 3769 ces
359 3728 459 3770 omnes
484 3711 623 3769 exhibent
645 3710 706 3771 nisi
729 3712 808 3785 quod
831 3712 863 3769 in
886 3713 1099 3772 recentioribus
1123 3715 1301 3791 quibusdam

299 3863 387 4000 19051)
406 3862 538 3988 (1636811111
562 3863 658 3918 codice
681 3862 842 3918 Caesellano
867 3869 935 3918 1853
959 3884 986 3935 p.
1007 3870 1049 3919 20.
1091 3865 1125 3921 of.
1150 3866 1247 3924 Herm.
1271 3876 1301 3924 40

397 3951 424 4003 p.
495 3977 500 3989 .
