2959 4659
512 582 717 638 6116611666
737 582 852 637 6166.
1128 584 1190 649 187

228 752 274 812 66
299 748 424 813 1666666
448 750 536 811 artus
560 746 682 831 gremio
706 747 886 811 miseranda
908 747 1030 831 reoepit
1141 765 1193 813 666

151 837 356 921 intexitque
379 835 488 920 oomis,
512 836 641 900 tandem
664 835 774 900 laxata
796 836 901 901 dolori

151 949 226 990 vox
254 926 388 990 invenit
411 926 481 1009 iter,
505 925 708 1011 gemitusque
732 926 767 990 in
789 925 887 989 verba
911 924 1022 990 soluti:

153 1016 188 1079 ‘o
219 1016 312 1079 mihi
338 1014 480 1079 desertae
503 1019 653 1079 natorum
678 1014 781 1079 duleis
805 1014 922 1099 imago,

152 1104 383 1187 Archemoro,
407 1124 425 1168 o
449 1126 555 1168 rerum
579 1107 612 1167 et
635 1103 758 1188 patriae
783 1104 926 1168 solamen
949 1104 1117 1187 ademptae

154 1194 364 1277 servitiique
387 1192 491 1277 decus,
515 1193 572 1277 qui
595 1196 636 1275 te,
658 1214 730 1255 mea
753 1192 880 1278 gaudia,
903 1197 1010 1257 sontes
1141 1210 1194 1259 616

154 1284 342 1347 extinxere
366 1282 425 1365 dei,
448 1282 544 1347 modo
569 1303 664 1365 quem
689 1282 832 1367 digressa
854 1282 971 1365 reliqui

154 1372 331 1437 lascivum
354 1375 387 1436 et
409 1392 513 1456 prono
536 1373 705 1435 vexantem
730 1373 875 1457 gramina
898 1371 1016 1435 eursu?

154 1461 230 1525 heu
257 1460 319 1525 ubi
344 1460 459 1525 siderei
481 1459 613 1524 vultus?
636 1460 694 1524 ubi
716 1460 815 1524 verba
836 1460 948 1545 ligatis

157 1551 352 1634 inperfecta
376 1549 463 1615 sonis
486 1550 634 1633 risusque
658 1553 691 1613 et
713 1572 879 1614 murmura
901 1548 973 1615 soli.

155 1641 338 1704 intellecta
360 1638 464 1702 mihi‘?
488 1639 637 1723 quotiens
660 1639 721 1703 tibi
745 1638 891 1703 Lemnon
914 1643 946 1702 et
968 1638 1058 1724 Argo
1140 1656 1192 1704 616

158 1734 262 1793 66666
286 1728 379 1811 loqui
403 1732 435 1791 66
457 1729 556 1813 longa
579 1749 727 1792 somnum
751 1728 883 1792 suadere
907 1728 1063 1811 querella!

157 1818 210 1882 sio
238 1818 394 1901 equidem
417 1816 524 1883 luotus
549 1817 678 1882 solabar
700 1821 733 1881 et
756 1817 855 1881 ubera
877 1839 977 1901 parvo

159 1908 232 1971 iam
259 1911 409 1971 materna
432 1906 556 1990 dabam,
580 1906 632 1970 eui
654 1928 740 1971 6666
763 1906 852 1971 venit
875 1907 992 1971 inritus
1015 1906 1112 1971 orbae

158 1997 264 2060 laetis
290 1999 324 2059 et
347 1996 461 2059 infelix
484 1997 519 2059 in
542 1996 675 2061 vulnera
697 1994 836 2079 liquitur
858 1996 969 2060 imber.

158 2106 270 2149 66666
296 2085 386 2149 deos:
410 2106 429 2148 o
453 2085 532 2149 dura
555 2085 618 2148 mei
642 2085 810 2170 praesagia
833 2086 938 2150 somni
1140 2103 1192 2152 626

159 2175 389 2257 nocturnique
412 2177 527 2258 metus,
550 2179 583 2238 et
605 2195 781 2257 numquam
806 2173 926 2259 inpune
950 2196 1008 2259 per
1030 2174 1161 2239 umbras

160 2264 332 2329 attonitae
355 2262 435 2327 mihi
458 2263 528 2327 visa
550 2262 673 2328 Venusl
698 2285 780 2346 quos
803 2284 904 2349 arguo
928 2263 1042 2327 divos?

161 2354 238 2437 ipsa
264 2373 329 2438 ego
352 2355 385 2416 te
410 2390 449 2398 —
475 2352 552 2435 quid
575 2352 660 2417 enim
682 2353 812 2417 timeam
833 2354 990 2417 moritura
1007 2353 1124 2417 fateri?
1148 2392 1190 2400 —

160 2442 310 2529 exposui
332 2442 416 2505 fatis.
463 2464 545 2525 quae
568 2446 709 2505 mentem
733 2441 859 2506 insania
881 2441 1003 2507 traxit?

161 2536 304 2597 tantane
327 2552 379 2594 me
402 2533 511 2595 tantae
533 2534 665 2596 tenuere
687 2530 809 2595 oblivia
831 2531 947 2597 ourae?
1138 2550 1190 2597 626

162 2623 244 2686 dum
270 2619 395 2704 patrios
418 2640 510 2685 casus
534 2621 701 2704 famaeque
724 2642 839 2684 exorsa
861 2625 997 2685 66666666

161 2710 345 2774 ambitiosa
366 2729 454 2773 meae
479 2747 520 2755 -
545 2710 648 2793 pietas
671 2710 751 2773 haee
774 2731 891 2795 magna
913 2710 1069 2794 fidesque!
1094 2749 1145 2795 —‚

162 2798 296 2865 exsolvi
317 2796 389 2880 tibi,
412 2797 541 2881 Lemue‚
562 2799 666 2883 nefas3
689 2798 746 2863 ubi
768 2798 876 2863 letifer
896 2800 1020 2884 anguis,

240 3014 296 3064 620
318 3014 349 3063 Σ
371 3014 400 3077 5,
415 3014 467 3063 628
496 2992 561 3064 exso
574 3010 600 3063 vi
627 3010 694 3063 tibi:
722 3010 776 3064 hoo
804 3012 848 3064 666
874 3010 951 3079 quod
979 3011 1107 3080 superius
1135 3013 1188 3067 ait:

164 3098 255 3137 66666
276 3081 346 3135 deos

336 3261 417 3300 rursu

241 3318 295 3367 606
314 3312 474 3381 Interitque
493 3312 527 3368 ν’
580 3313 687 3367 lassata
707 3318 728 3372 o
788 3312 878 3367 dolori
896 3316 1039 3369 Bentleiua
1057 3322 1083 3370 66
1100 3316 1188 3369 Heiu-

163 3390 240 3443 aiue:
270 3384 367 3438 dolore
385 3390 438 3438 Ρω
520 3389 571 3439 607
591 3385 745 3456 gemitusf
816 3388 1063 3441 608-616ia1‘1
1083 3388 1189 3441 6666666

164 3458 302 3513 instructi
365 3460 415 3509 600
435 3456 634 3511 Archemareb
689 3458 718 3510 et
734 3474 785 3511 om.
800 3475 826 3524 μ
890 3463 941 3512 611
960 3457 1127 3512 Extinoxere
1145 3462 1187 3511 Bb

222 3543 297 3597 quae
318 3532 335 3579 0
408 3532 459 3581 616
479 3545 546 3597 argo
566 3544 582 3587 ς
603 3528 771 3583 Gronovius:
791 3546 873 3599 argos
892 3535 958 3583 Ρωε
982 3546 1070 3598 argon
1090 3548 1106 3589 ς
1124 3531 1188 3599 (aaa

166 3636 322 3703 66666666)
399 3640 450 3688 616
471 3612 536 3689 sita
554 3634 589 3687 6ι
643 3639 695 3689 616
714 3635 848 3689 nutus?
907 3636 992 3690 orbae
1011 3642 1043 3689 r:
1068 3638 1118 3707 01}
1139 3636 1186 3690 m:

164 3708 209 3763 ori
228 3708 328 3777 B¹mp
353 3724 393 3759 ωε
422 3721 469 3760 ore
497 3708 542 3775 (ex
564 3706 605 3760 ori
623 3709 680 3776 1⁰)
703 3712 753 3759 10
825 3705 922 3760 irritus
945 3708 987 3761 ori
1014 3709 1078 3762 add.
1103 3706 1134 3761 b'

164 3785 219 3834 619
239 3777 380 3845 linquitur
398 3777 460 3829 616ι
519 3777 696 3847 hymbeer
753 3783 804 3831 620
824 3779 895 3831 dura
913 3784 978 3833 Por:
998 3794 1063 3832 vera
1083 3780 1188 3834 muller

536 3856 538 3860 ¹
608 3862 623 3889 V

164 3907 198 3959 el.
214 3910 244 3970 9,
259 3907 324 3958 631.
343 3905 403 3955 886
484 3908 535 3956 622
555 3906 664 3966 666166
749 3908 800 3956 626
819 3921 870 3958 om.
889 3904 931 3969 11¹,
949 3904 1013 3957 add.
1034 3903 1075 3955 11⁰
1138 3903 1187 3957 ob-

165 3977 234 4030 livia
247 3975 280 4028 b’
299 3977 332 4027 ia
351 3974 401 4028 lac.
475 3978 527 4026 626
547 3972 615 4027 Cum
633 3992 659 4041 μ
714 3991 782 4042 -que
800 3993 880 4030 aar
1132 4011 1134 4013 -
