2959 4659
278 536 351 589 LXX
588 534 757 589 EDITORIS
776 533 982 589 PRAEFATIO

346 703 397 763 sed
420 705 489 763 nolo
514 704 666 763 cumulare
691 705 837 779 exempla:
862 704 1057 763 diffidendum
1081 722 1144 763 esse
1163 706 1300 781 vulgatis

278 793 362 853 libris
381 812 435 852 nec
453 797 553 851 tamen
570 796 681 851 temere
694 792 783 851 fidem
803 812 866 852 esse
880 792 1047 851 habendam
1062 792 1217 852 Puteaneo
1239 796 1299 853 elu-

278 886 332 941 cet.
370 884 474 957 itaque
492 882 672 957 ubicumque
695 881 772 940 duae
793 882 901 959 stirpes
921 882 1071 956 differunt,
1089 884 1189 941 utrius
1208 884 1299 942 lectio

277 973 373 1049 magis
397 975 469 1047 apta
492 971 533 1030 sit
556 974 586 1030 et
607 974 676 1030 usui
700 969 838 1031 Statiano
867 975 897 1031 et
925 974 1025 1031 sensui
1051 972 1109 1029 loci
1136 972 1300 1049 diligenter

277 1059 486 1136 quaerendum.
1011 1064 1015 1072 '

573 1321 732 1387 CAPVT
757 1320 1000 1399 QVARTVM

568 1445 603 1498 de
618 1445 726 1515 origine
741 1444 871 1513 stirpium
886 1463 913 1499 ω
929 1447 957 1498 et
971 1450 998 1498 P.

344 1579 404 1638 iam
423 1581 449 1637 si
468 1579 637 1654 quaerimus
658 1579 764 1653 quibus
783 1578 967 1653 temporibus
983 1598 1079 1653 quave
1093 1582 1217 1657 regione
1231 1583 1298 1641 vul-

276 1671 364 1745 gatus
383 1669 435 1726 ille
449 1671 550 1727 textus
565 1669 746 1726 constitutus
761 1668 809 1742 sit,
829 1667 904 1726 duae
918 1686 965 1726 res
979 1669 1060 1727 viam
1075 1670 1298 1744 quodammodo

277 1758 431 1817 ostendere
445 1760 578 1833 possunt.
598 1776 667 1815 nam
677 1757 813 1815 Alcimus
823 1756 932 1815 Avitus
943 1758 1298 1833 episcopusViennensis,

276 1847 328 1922 qui
349 1845 525 1905 Gundobadi
542 1846 622 1923 regis
640 1845 888 1924 Burgrmdionum
912 1846 1047 1922 aequalis
1072 1850 1150 1921 erat,
1170 1850 1297 1908 eandem

274 1935 433 1994 lectionem
451 1936 570 1995 videtur
591 1937 741 2008 imitatuS,
767 1954 857 2010 quam
881 1934 1000 1994 exhibet
1023 1958 1050 1993 ω
1070 1936 1160 1995 Theb.
1185 1939 1215 2012 3,
1231 1940 1296 1997 345

276 2029 302 2083 et
318 2026 392 2097 forte
415 2026 554 2084 oereudcs
573 2026 691 2084 concilio
709 2028 798 2098 poter
816 2026 879 2097 ipse
897 2026 983 2083 duces
1002 2026 1117 2099 coyebot
1133 2025 1297 2086 Adrastus.

275 2115 311 2172 cl.
331 2114 412 2172 Avit.
428 2132 517 2173 carm.
538 2117 566 2187 6,
578 2116 641 2173 509
665 2114 804 2173 caradas
822 2115 961 2187 religione
979 2131 1068 2173 senes.
1105 2134 1163 2190 quo
1183 2117 1251 2175 loco
1272 2118 1297 2176 si

275 2208 301 2262 P
316 2206 476 2281 genuinam
490 2203 623 2261 servavit
636 2204 794 2262 lectionem
813 2204 1015 2262 verendus-
1031 2222 1089 2278 qua
1109 2203 1145 2262 de
1164 2224 1196 2263 re
1216 2225 1297 2264 nunc

274 2292 349 2371 mihi
372 2291 521 2351 dubitatio
542 2295 644 2351 exorta
668 2296 726 2366 est,
750 2294 927 2369 praesertim
957 2312 1024 2352 oum
1047 2294 1145 2352 minus
1171 2298 1242 2370 apte
1268 2300 1298 2354 et

274 2381 362 2439 duces
377 2382 459 2439 nullo
475 2386 505 2440 et
516 2381 663 2440 Adrastus
683 2381 798 2441 duobus
819 2382 959 2457 epithetis
977 2382 1078 2441 ornari
1091 2383 1233 2442 videatur
1243 2416 1296 2457 -,

274 2471 408 2530 Alcimus
426 2474 543 2529 textum
557 2471 714 2549 vulgatum
732 2462 844 2551 legul)
881 2471 932 2529 sed
951 2474 1021 2530 utut
1038 2472 1094 2531 hoc
1112 2472 1177 2531 loco
1197 2492 1245 2532 res
1266 2493 1296 2533 se

273 2559 371 2633 habet,
387 2560 515 2618 alterum
526 2563 624 2619 exstat
638 2563 857 2637 argumentum,
872 2561 951 2635 quod
962 2561 1064 2620 eodem
1079 2564 1204 2637 spectat.
1227 2562 1295 2621 Sul-

275 2790 341 2838 18.1
362 2784 449 2852 praef.
466 2790 491 2850 6,
514 2786 590 2837 recto
610 2786 687 2839 stant
705 2783 773 2837 talo.
810 2782 880 2837 haec
904 2784 1065 2838 coniectura
1084 2784 1107 2837 si
1127 2802 1192 2839 vera
1212 2790 1294 2851 esset,

273 2855 297 2909 si
321 2855 438 2909 alteram
462 2855 616 2910 editionem
640 2873 681 2923 ω,
706 2854 826 2909 alteram
849 2860 869 2906 P
892 2855 1052 2923 praeberet,
1076 2856 1117 2910 eis
1140 2856 1222 2924 locis,
1246 2857 1294 2911 ubi

272 2928 365 2997 gravis
381 2926 572 2996 discrepantia
586 2929 629 2981 est
643 2927 717 2981 inter
731 2927 801 2980 duas
816 2926 926 2996 stirpes,
942 2926 971 2979 in
985 2930 1105 2995 utraque
1120 2927 1209 2996 stirpe
1225 2944 1294 2983 sana

236 3061 238 3064 ¹
273 3014 409 3067 apparere
424 3015 537 3053 necesse
554 3002 635 3052 esset.
665 3002 751 3066 atque
768 3015 802 3051 ex
816 2998 906 3051 tribus
921 2998 998 3057 locis,
1014 2998 1117 3066 quibus
1137 3016 1219 3053 suam
1235 3002 1294 3069 opi-

273 3071 385 3124 nionem
403 3069 508 3123 firmari
527 3071 681 3124 arbitratur
700 3068 861 3134 Garrodius,
880 3087 952 3123 unus
971 3069 1055 3138 plane
1075 3070 1240 3125 nihilfecit
1259 3072 1294 3125 ad

272 3159 339 3195 rem.
377 3141 411 3193 cf.
431 3157 504 3209 quae
519 3141 555 3196 de
569 3149 612 3210 10,
621 3146 674 3195 490
693 3157 778 3210 supra
797 3160 824 3210 p.
839 3140 914 3209 qu.
930 3141 1116 3210 exposuimus.
1153 3142 1210 3195 nisi
1230 3143 1294 3212 quis

272 3212 344 3266 forte
364 3228 396 3265 eo
415 3212 594 3282 potissimum
612 3212 675 3267 loco
693 3230 761 3265 usus
779 3212 850 3266 velit
868 3212 1023 3278 ostendere,
1042 3230 1100 3281 qua
1118 3213 1231 3269 ratione
1249 3214 1294 3269 vel

272 3284 412 3339 maximae
429 3284 581 3338 varietates
600 3284 701 3338 exoriri
719 3284 871 3353 potuerint.
903 3300 955 3338 nec
974 3284 1037 3352 plus
1056 3284 1152 3338 valent
1175 3285 1213 3338 ad
1234 3287 1294 3340 eius

272 3356 432 3424 opinionem
455 3356 633 3424 probandum
655 3355 759 3423 reliqui
782 3356 846 3409 duo.
884 3372 949 3409 nam
973 3358 1002 3409 et
1020 3362 1045 3423 4,
1058 3362 1110 3409 655
1132 3359 1161 3410 et
1182 3363 1225 3424 10,
1242 3364 1293 3411 134

271 3427 340 3494 quin
359 3427 444 3480 lectio
463 3432 483 3478 P
501 3428 584 3480 unice
601 3442 669 3482 vera
692 3427 738 3488 sit,
761 3442 852 3495 neque
871 3427 1020 3494 quisquam
1040 3426 1181 3481 dubitavit
1200 3446 1293 3497 neque

271 3501 365 3566 potest
388 3498 521 3552 dubitari.
559 3499 635 3567 quod
657 3514 722 3553 vero
747 3498 776 3551 in
800 3516 828 3552 ω
852 3500 956 3564 exstat,
984 3498 1068 3566 plane
1092 3498 1217 3553 alienum
1242 3504 1291 3554 est.

271 3570 384 3623 videtur
402 3573 497 3623 autem
517 3573 608 3623 ortum
628 3586 688 3623 esse
707 3586 789 3623 versu
809 3587 825 3622 a
844 3569 959 3623 librario
980 3569 1053 3624 lecto
1073 3573 1102 3623 et
1121 3586 1135 3623 e
1155 3573 1293 3627 memoria

272 3642 325 3695 sori
347 3643 385 3694 to.

327 3659 369 3782 pl)
389 3712 465 3779 qnod
484 3711 639 3766 Claudiano
665 3711 780 3766 Sidonio
804 3715 912 3766 textum
931 3731 959 3767 ω
983 3715 1095 3781 praesto
1119 3712 1207 3767 fnisse
1228 3731 1292 3769 con·

271 3784 364 3837 tendit
382 3782 534 3838 Garrodius
553 3783 641 3853 praef.
660 3802 687 3852 p.
702 3784 762 3851 VH,
789 3784 872 3837 velim
897 3784 1054 3837 accuratius
1078 3802 1141 3837 eum
1164 3784 1292 3839 indicare
1351 3806 1352 3819 ¹

272 3855 373 3923 quibus
392 3856 462 3909 haec
482 3855 623 3909 sententia
640 3854 709 3910 locis
728 3855 845 3909 nitatur.
883 3871 949 3908 nam
968 3855 1097 3923 equidem
1119 3872 1181 3909 eam
1201 3873 1292 3926 neque
1351 3864 1352 3885 .

269 3926 393 3980 refutare
411 3944 525 3994 possum
543 3942 634 3995 neque
652 3925 780 3995 probare.
851 3949 854 3979 ε
